3867 5384
917 444 988 503 ⁴8
1299 486 1314 499 .
1347 444 1358 455 ’
1779 448 1786 453 ‘
2020 443 2281 504 Al-ltindi

919 584 1063 649 rum
1109 582 1446 649 hominum
1493 586 1637 650 erat
1681 582 1912 651 simile‘
1936 583 1994 649 ei
2010 634 2027 662 ‚
2076 583 2257 667 quod
2300 586 2443 649 erat
2488 581 2555 649 in
2598 582 2903 651 domibus
2945 603 3217 651 suorum
3264 602 3380 668 pa·

918 701 1199 776 rentum,
1245 701 1612 781 quousque,
1657 716 1778 781 per
1822 695 2311 781 experientiam,
2358 698 2589 779 postea
2632 696 3087 763 manifestetur
3122 698 3217 764 eis
3243 717 3381 765 cer·

919 810 1134 876 titudo
1195 812 1327 873 eins
1388 810 1570 894 quod
1631 810 1959 893 putabant
2020 812 2175 875 tunc
2230 810 2335 875 uel
2382 809 2629 875 salsitas
2648 857 2667 888 ‚
2728 810 2896 875 sicut
2940 810 3383 893 praediximus

918 926 1108 990 ante..
1185 924 1275 990 sie
1336 924 1541 991 currit
1593 925 1790 992 etiam
1857 924 2163 990 iudicium
2211 922 2704 1005 intelligentium
2749 922 3087 989 hominum
3134 923 3201 989 in
3247 924 3381 990 suis

865 1058 894 1099 s
917 1037 1368 1121 putationibus
1431 1040 1499 1104 et
1560 1038 1697 1104 suis
1759 1036 2326 1104 aestimationibus
2372 1035 2455 1102 de
2499 1036 2869 1103 huiusmodi
2916 1037 3150 1114 rebus,
3213 1056 3382 1119 quas

918 1150 1198 1217 diximus
1220 1201 1237 1230 ,
1301 1151 1390 1217 ita
1453 1151 1632 1235 quod
1677 1171 1824 1217 cum
1871 1150 2386 1217 consideraue‘rit
2432 1150 2495 1215 in
2544 1150 2829 1217 scientiis
2873 1149 3381 1234 disciplinalibus

919 1268 986 1329 et
1048 1265 1395 1349 praecipue
1453 1265 1519 1330 in
1565 1265 1835 1331 scientia
1881 1264 2276 1346 astrologiae
2296 1313 2315 1340 ,
2378 1264 2597 1346 palam
2646 1264 2719 1329 nt
2762 1264 2856 1327 eis
2893 1264 3224 1330 'certitudo
3268 1283 3379 1330 eo·

921 1394 1066 1443 rum
1115 1397 1285 1461 quae
1326 1378 1654 1461 putabant
1697 1379 1877 1456 tunc,
1923 1396 2011 1443 an
2058 1377 2144 1443 sit
2190 1396 2350 1443 uera
2395 1376 2501 1443 uel
2547 1376 2761 1443 falsa·

1131 1490 1313 1557 Scias
1357 1494 1582 1556 autem
1627 1490 1806 1574 quod
1851 1510 2065 1574 paene
2108 1491 2327 1556 nullus
2371 1490 2572 1556 homo
2617 1490 2999 1565 liberabitur
3040 1483 3129 1555 ab
3156 1489 3381 1557 huius·

845 1622 894 1665 ιο
921 1604 1098 1669 modi
1142 1603 1558 1687 opinionibus
1603 1608 1670 1670 et
1714 1603 2301 1681 aestimationibus,
2366 1624 2489 1670 nec
2534 1604 2965 1685 intelligentes
3010 1624 3129 1670 nec
3172 1605 3381 1671 scien·

923 1722 1018 1783 tes
1081 1716 1474 1801 disciplinari
1538 1737 1658 1783 nec
1721 1717 2052 1801 sapientes
2108 1716 2645 1802 philosophantes
2689 1716 2908 1783 etiam.
3000 1716 3185 1800 quod
3231 1737 3375 1785 cum

921 1830 1014 1896 ita
1075 1829 1162 1895 sit
1179 1878 1198 1909 ‚
1262 1832 1416 1897 tunc
1479 1848 1614 1895 non
1678 1830 1802 1896 erit
1853 1830 2171 1897 securitas
2189 1878 2208 1908 ‚
2273 1830 2432 1912 quin
2477 1834 2736 1896 ceterae
2779 1828 3380 1911 argumentationes

920 1962 1148 2008 eorum
1212 1942 1574 2027 procedant
1639 1962 1788 2009 cum
1851 1942 2044 2008 simili
2108 1962 2323 2009 cursu.
2416 1946 2484 2008 et
2525 1942 2652 2009 hoo
2696 1946 2795 2009 est
2839 1942 3017 2025 quod
3064 1941 3380 2027 significat

921 2054 1371 2121 debilititatem
1425 2075 1588 2123 suae
1632 2055 2219 2137 argumentationis
2262 2060 2330 2121 et
2376 2055 2881 2123 destructionem
2927 2076 3089 2122 suae
3133 2056 3380 2139 signifi-

847 2181 898 2224 15
922 2170 1216 2237 cationis.
1330 2169 1702 2237 inuenimus
1764 2170 1939 2236 enim
2005 2170 2185 2254 quod
2246 2170 2468 2255 plures
2530 2190 2609 2236 ex
2672 2169 2773 2235 his
2833 2170 2948 2254 qui
3010 2173 3249 2255 putant
3310 2182 3399 2238 se'

922 2283 1086 2351 scire
1130 2268 1608 2367 philosophiam
1654 2286 1724 2350 et
1765 2283 2189 2365 intelligibilia
2234 2287 2303 2349 et
2346 2282 2941 2349 demonstrationes
2958 2332 2979 2362 ,
3032 2287 3271 2368 putant
3314 2288 3381 2351 et

925 2397 1272 2463 aestimant
1314 2396 1500 2481 quod
1545 2402 1722 2463 terra
1769 2401 1909 2465 tota
1956 2398 2022 2463 in
2068 2416 2191 2463 suo
2236 2398 2504 2481 proprio
2547 2397 2691 2463 loco
2734 2398 2823 2463 sit
2862 2398 3085 2478 grauis
3105 2428 3139 2477 ,·
3180 2397 3379 2465 etiam

924 2510 1441 2577 consideratione
1503 2511 1845 2592 grauitatis
1865 2560 1882 2591 ‚
1948 2530 2121 2595 quae
2184 2515 2288 2577 est
2348 2510 2413 2576 in
2457 2509 2749 2595 qualibet
2790 2510 3064 2577 istarum
3112 2531 3377 2579 suarum

921 2623 1230 2708 partium.
1319 2623 1615 2691 similiter
1676 2628 1912 2707 putant
1956 2624 2177 2708 plures
2222 2643 2302 2690 ex
2348 2622 2471 2690 illis
2517 2624 2695 2708 quod
2737 2627 2951 2689 status
2995 2643 3223 2690 eorum
3268 2626 3380 2709 qui

841 2746 897 2789 ²⁰
923 2743 1077 2804 sunt
1121 2738 1189 2804 in
1231 2737 1362 2803 alio
1407 2738 1711 2822 opposito
1756 2738 1947 2804 nobis
1993 2743 2207 2805 terrae
2248 2736 2729 2822 hemisphaerio
2774 2741 3223 2804 transuersum
3260 2741 3381 2817 est,

923 2849 1481 2934 quemadmodum
1543 2850 1600 2915 si
1665 2850 1812 2935 quis
1875 2830 2081 2918 staret
2143 2851 2269 2917 sub
2330 2850 2669 2933 superficie
2728 2870 2927 2934 super
2970 2869 3169 2933 quam
3215 2851 3382 2917 alius

922 2968 1127 3030 staret
1172 2963 1448 3047 pedibus
1490 2964 1628 3030 suis
1672 2965 1989 3049 oppositis
2034 2968 2265 3032 contra
2290 2963 2491 3047 pedes
2527 2964 2685 3030 eius.
2751 2968 2817 3030 et
2841 2964 3135 3030 similiter
3162 2965 3381 3048 plures

816 3164 824 3170 ,
922 3080 1160 3160 putant
1204 3080 1388 3143 extra
1433 3075 1752 3143 mundum
1801 3079 1882 3143 sit
1931 3078 2215 3161 spatium
2264 3077 2585 3143 inlinitum
2631 3077 2897 3161 plenum
2941 3076 3049 3143 uel
3074 3097 3379 3158 uacuum,

924 3190 1282 3256 secundum
1347 3191 1528 3275 quod
1593 3190 1934 3258 inueniunt
2002 3195 2187 3258 extra
2245 3211 2402 3259 suas
2446 3191 2677 3257 domos
2721 3190 2853 3258 alia
2895 3191 3041 3257 loca
3083 3195 3153 3286 et
3196 3196 3381 3261 extra

844 3314 900 3357 2⁵
926 3321 1079 3369 suas
1141 3306 1348 3369 terras
1393 3304 1558 3370 alias
1602 3308 1810 3371 terras
1855 3309 1922 3371 et
1968 3309 2155 3371 extra
2198 3324 2393 3371 suum
2440 3302 2756 3371 mundum
2802 3304 3121 3370 mundum
3168 3305 3380 3373 eaelo-

926 3435 1092 3483 rum.
1199 3416 1494 3483 similiter
1557 3417 1754 3484 etiam
1818 3422 2058 3502 putant
2122 3418 2299 3503 quod
2362 3418 2538 3485 Deus
2556 3468 2577 3498 ,
2642 3416 2757 3503 qui
2820 3421 2920 3485 est
2980 3416 3379 3500 benedictus,

925 3530 1171 3596 creauit
1230 3530 1554 3596 mundum
1604 3530 1668 3597 in
1714 3530 1858 3597 loeo
1901 3534 1970 3597 et
2014 3535 2312 3616 tempore
2329 3580 2350 3611 ‚
2412 3530 2773 3598 seeundum
2818 3529 2997 3616 quod
3042 3530 3382 3599 inueniunt

923 3662 1046 3709 sua
1104 3662 1303 3726 opera
1357 3646 1424 3725 et
1479 3664 1602 3709 sua
1645 3644 1919 3711 artificia
1965 3644 2105 3711 iteri
2148 3645 2217 3710 in
2260 3644 2405 3711 loeo
2449 3648 2519 3711 et
2560 3648 2877 3728 tempore.
2966 3647 3036 3711 et
3076 3644 3167 3711 ob
3208 3644 3381 3713 bane

925 3774 1191 3821 causam
1237 3759 1637 3840 putauerunt
1679 3757 1900 3841 plures
1944 3777 2027 3823 ex
2070 3756 2196 3823 illis
2240 3756 2419 3842 quod
2445 3757 2621 3824 Deus
2646 3756 2967 3839 gloriosus
2994 3759 3096 3823 est
3123 3778 3379 3843 eorpus,

845 3882 900 3923 ω
927 3888 1006 3933 eo
1071 3866 1248 3952 quod
1313 3866 1655 3936 inueniunt
1715 3868 1892 3953 quod
1958 3890 2091 3936 non
2146 3874 2249 3937 oet
2292 3887 2494 3952 agens
2536 3868 2661 3935 nisi
2706 3889 2945 3954 corpus
2963 3918 2981 3950 ,
3046 3870 3163 3936 sed
3206 3870 3381 3938 Deus

1123 4151 1162 4209 a
1209 4154 1746 4225 puulmntnpulant
1793 4153 1854 4210 Ν
1944 4138 1951 4141 ’
2018 4158 2153 4211 tune
2181 4155 2355 4225 urent
2416 4154 2467 4207 ν
2624 4156 2661 4209 s
2710 4152 2787 4212 na
2836 4155 2987 4227 quod
3016 4157 3029 4224 ι
3058 4136 3143 4211 na'
3190 4171 3230 4228 q
3263 4156 3387 4213 xv

926 4241 964 4299 8
995 4244 1084 4301 uel
1111 4243 1126 4313 Ι
1157 4244 1358 4301 unua»-
1391 4246 1452 4301 Ν
1461 4295 1468 4304 .
1594 4246 1630 4299 9
1663 4246 1850 4303 nullu·
1877 4249 1890 4314 Ι
1917 4246 2043 4304 ιιΙΡι
2076 4245 2138 4301 Ν
2272 4247 2327 4302 n
2366 4245 2820 4319 philosophantes
2846 4250 2860 4318 Ι
2888 4247 3296 4319 phile-notante·
3328 4248 3389 4303 Ν

931 4384 996 4439 ιε
1026 4384 1300 4455 signifiat
1325 4400 1336 4445 ε
1364 4384 1551 4457 signat
1585 4348 1773 4457 miv>
1813 4388 1926 4444 m·
2059 4388 2123 4443 m
2158 4386 2570 4459 philosophiam
2597 4392 2609 4457 ι
2638 4386 2790 4459 ph'ffi
2824 4388 2885 4443 Ν
2912 4388 3132 4461 ..h-5⁸⁸·
3180 4388 3230 4443 ι·
3266 4390 3385 4445 ...ιι

901 4548 904 4551 ᾗ
929 4491 989 4531 oo
1024 4477 1217 4531 iumen·
1381 4478 1448 4533 19
1481 4480 1719 4551 partium
1749 4480 1762 4548 Ι
1786 4479 1924 4548 fehlt
1958 4477 2031 4545 Ν,
2064 4478 2206 4533 mie-d
2236 4477 2370 4532 aben·
2392 4496 2491 4545 ‚am
2530 4479 2718 4535 Raude
2753 4482 2955 4535 molier!
3108 4480 3181 4535 2)
3210 4480 3381 4537 betul-

931 4564 1192 4637 tphaeria
1215 4566 1230 4636 Ι
1255 4564 1492 4640 emltpio
1533 4568 1586 4625 Ν
1595 4568 1644 4624 V
1789 4574 2169 4626 transuersum
2198 4568 2211 4639 1
2238 4572 2547 4627 umerum
2592 4569 2645 4627 V
2790 4570 2855 4627 21
2894 4570 3020 4642 qut·
3046 4569 3061 4640 Ι
3086 4552 3291 4643 aliqui·
3336 4570 3389 4627 V

928 4656 998 4713 2⁴1
1031 4656 1106 4712 cit
1133 4658 1148 4727 Ι
1173 4654 1314 4713 sieut
1343 4656 1410 4715 Ν
1536 4658 1606 4715 2ss
1639 4666 1977 4732 minuerunt
2004 4661 2017 4726 Ι
2044 4656 2337 4732 put-uerat
2382 4659 2433 4712 V
2560 4676 2757 4733 mmu-
2780 4660 2957 4731 'tc-hle
2992 4662 3055 4719 Ν
3302 4686 3309 4695 ·
