3867 5384
951 512 1022 567 38
2061 514 2313 572 Abitina}

951 653 1076 719 hoc
1143 654 1359 720 existit
1403 652 1539 741 [uel
1586 653 1932 742 consistit]‚
1998 676 2211 740 neque
2256 655 2614 723 destruitur
2659 656 3105 722 destructione
3149 654 3423 721 alicuius

952 768 1264 851 ipsorum.
3482 748 3486 753 ⁸

1167 882 1300 949 iam
1346 902 1501 964 ergo
1547 888 1883 977 ostensum
1929 889 2030 950 est
2072 885 2251 967 quod
2294 850 2479 951 locus
2525 885 2833 949 inuentus
2878 886 2979 950 est
3014 882 3419 967 manifestus,

951 998 1214 1078 oportet
1277 1015 1432 1078 ergo
1494 1016 1619 1063 nos
1683 1002 1755 1063 ut
1816 998 2101 1063 sciamus
2152 997 2311 1081 quid
2374 1002 2513 1077 est,
2580 1001 2935 1081 postquam
2992 996 3235 1063 scimus
3280 996 3423 1061 eius

899 1127 928 1167 ³
951 1109 1402 1177 inuentionem
1423 1159 1440 1191 ,
1504 1115 1571 1177 et
1615 1110 2031 1176 destruamus
2076 1111 2281 1177 uerba
2324 1110 2832 1202 contradicentis
2876 1109 3067 1177 nobis
3114 1113 3181 1177 et
3224 1110 3423 1175 aesti-

952 1224 1196 1289 mantis
1241 1223 1419 1307 quod
1465 1224 1551 1290 sit
1595 1224 1778 1289 locus
1823 1243 2081 1308 corpus.
3215 1229 3223 1235 ’

1169 1337 1442 1403 dicimus
1488 1356 1642 1419 ergo
1687 1337 1863 1421 quod
1909 1338 1965 1403 si
2010 1338 2191 1404 locus
2236 1341 2338 1405 est
2380 1358 2640 1422 corpuS,
2708 1341 2867 1403 tunc
2910 1356 3151 1421 corpus
3196 1335 3424 1421 recipit

955 1468 1214 1533 σοι-ρης,
1277 1452 1344 1516 et
1404 1449 1584 1534 quod
1647 1470 1884 1534 corpus
1927 1451 2155 1535 recipit
2199 1456 2267 1517 et
2312 1452 2641 1535 recipitur,
2707 1450 2990 1534 ideoque
3035 1469 3295 1533 semper
3338 1450 3425 1514 sit

954 1564 1094 1631 sine
1138 1564 1288 1631 flue.
1371 1566 1438 1629 et
1481 1564 1609 1631 hoc
1652 1570 1753 1631 est
1796 1565 1897 1630 cui
1943 1584 2305 1649 numquam
2350 1566 2436 1631 sit
2463 1564 2897 1644 intersecatio‚
2945 1567 3013 1631 et
3038 1567 3141 1631 est
3166 1563 3421 1629 falsum.

877 1692 928 1732 ιο
957 1676 1086 1742 iam
1135 1696 1291 1757 ergo
1337 1678 1758 1743 manifestum
1804 1681 1906 1744 est
1949 1678 2135 1762 quod
2179 1678 2453 1744 uerbum
2496 1678 2779 1771 ‘dicentis
2824 1678 3041 1745 locum
3088 1697 3233 1743 esse
3276 1696 3423 1742 cor·-

953 1809 1099 1872 puS‚
1145 1789 1323 1873 quod
1371 1790 1638 1856 uidetur
1679 1790 2150 1857 contradicenti
2193 1791 2405 1871 nobis„
2454 1794 2556 1857 cst
2602 1790 2862 1857 falsum.
2952 1809 3237 1874 cumque
3265 1788 3420 1854 illud

897 1946 902 1953 ·
955 1902 1048 1967 ita
1092 1902 1196 1981 sit,
1251 1906 1408 1969 tunc
1452 1902 1634 1969 locus
1679 1923 1812 1969 non
1859 1907 1959 1971 est
2002 1923 2240 1987 corpus
2285 1904 2401 1971 scd
2448 1903 2825 1987 superficies
2870 1922 3045 1986 quae
3090 1906 3192 1968 est
3237 1904 3423 1968 extra

954 2034 1192 2097 corpus
1211 2063 1230 2093 ‚
1293 2012 1472 2098 quod
1537 2015 1717 2081 locus
1778 2016 2290 2100 comprehendit.
2402 2022 2468 2083 et
2531 2016 2671 2082 eius
2731 2014 3003 2100 quidem
3067 2013 3470 2081 declaratio·

955 2128 1411 2195 affirmationis
1471 2132 1573 2195 est
1633 2129 1812 2212 quod
1860 2134 1932 2196 tu
1978 2130 2125 2210 sciS‚
2190 2129 2390 2214 quod,
2454 2150 2603 2195 cum
2652 2130 2719 2194 in
2767 2128 2917 2213 hyle
2963 2126 3275 2209 singulari
3322 2130 3425 2193 est

879 2256 928 2298 ιδ
955 2240 1294 2323 longitudo
1358 2244 1426 2308 et
1488 2241 1764 2309 latitudo
1828 2246 1893 2309 et
1955 2242 2385 2327 profunditas,
2452 2240 2581 2329 [et]
2648 2243 2791 2327 ipsa
2836 2245 3116 2309 uocatur
3160 2260 3419 2325 corpus.

957 2360 1024 2421 et
1083 2375 1236 2433 cum
1304 2354 1658 2423 meditatur
1700 2356 1848 2441 hyle
1892 2355 2143 2424 habens
2188 2356 2663 2438 longitudinem
2709 2361 2776 2422 et
2819 2354 3234 2422 latitudinem
3280 2354 3421 2421 sine

953 2469 1418 2554 profunditate,
1446 2470 1823 2538 nominatur
1847 2471 2239 2555 superficies.
2314 2475 2382 2537 et
2425 2490 2578 2536 cum
2606 2471 2965 2537 meditatur
2991 2470 3143 2555 hyle
3168 2468 3445 2535 habens·

954 2584 1424 2665 longitudinem
1489 2585 1628 2651 sine
1688 2583 2039 2652 latitudine
2102 2589 2170 2652 et
2229 2583 2675 2669 profunditate
2698 2634 2715 2665 ‚
2780 2584 3162 2651 nominatur
3224 2584 3417 2649 linea.

959 2696 1140 2762 locus
1184 2700 1408 2764 nutem
1451 2717 1587 2763 non
1631 2701 1732 2764 cst
1774 2718 1855 2764 ex
1897 2698 2049 2783 hyle
2093 2718 2264 2781 quae
2309 2698 2513 2765 habet
2555 2697 3032 2780 longitudinem
3079 2701 3146 2762 et
3190 2696 3416 2762 latitu-

878 2824 933 2867 2)
958 2808 1178 2875 dinem
1225 2815 1294 2877 et
1335 2810 1868 2894 profunditatem,
1914 2812 2032 2877 sed
2078 2816 2179 2879 est
2221 2831 2301 2878 ex
2337 2810 2489 2897 hyle
2516 2831 2691 2895 quae
2720 2810 2925 2878 habet
2949 2809 3423 2893 longitudinem
3476 2784 3481 2789 ⁵

961 2927 1028 2989 et
1071 2923 1484 2991 latitudinem
1529 2924 1670 2991 sine
1713 2924 2177 3009 profunditate.

1172 3036 1338 3105 haec
1399 3057 1554 3119 ergo
1619 3043 1719 3105 est
1779 3038 2133 3123 quidditas‚
2194 3058 2330 3123 qua
2383 2998 2803 3121 distinguitur
2846 3038 3031 3104 locus
3075 3058 3116 3104 a
3162 3036 3428 3163 reliquis

959 3148 1176 3229 rebm,
1223 3169 1396 3234 quae
1439 3170 1574 3217 non
1616 3142 1772 3279 sunt
1815 3150 2020 3218 locus.

1167 3431 1195 3484 l
1231 3429 1419 3486 existit
1453 3431 1542 3486 uel
1571 3430 1582 3497 Ι
1607 3430 1746 3498 fehlt
1776 3433 1826 3486 A
1862 3427 2053 3486 existit
2089 3428 2171 3483 Υ·
2236 3443 2421 3499 neque
2446 3428 2459 3497 Ι
2486 3433 2545 3484 et
2580 3444 2761 3498 neque
2782 3427 2925 3481 AV·
3008 3428 3045 3481 3
3076 3433 3358 3483 ostensum
3389 3430 3401 3493 Ι

963 3520 1322 3577 manifestum
1376 3521 1514 3575 ΟΥ·
1679 3520 1836 3577 locus
1863 3520 2041 3590 [sem
2112 3520 2191 3573 Υ·
2357 3518 2688 3575 manifestus
2716 3518 2728 3587 Ι
2758 3518 3113 3575 manifestius
3150 3522 3201 3574 A
3254 3518 3427 3574 muni-

961 3610 1165 3668 festum
1214 3611 1292 3664 Υ·
1460 3615 1492 3669 -Ι
1531 3629 1633 3669 uos
1659 3614 1672 3679 Ι
1701 3612 1864 3668 nobis
1901 3614 1949 3665 0
2102 3616 2137 3666 6
2168 3612 2323 3668 locus
2348 3612 2530 3683 {fehlt
2565 3611 2669 3668 AO
2807 3612 2839 3668 7
2872 3611 3125 3667 dicamus
3150 3614 3163 3679 Ι
3190 3610 3429 3666 dicimus

969 3703 1097 3755 ΟΥ·
1257 3702 1296 3757 8
1348 3704 1495 3775 quod
1524 3718 1533 3753 ι
1549 3704 1697 3773 fehlt
1751 3706 1802 3759 A
1973 3708 2031 3760 et
2087 3702 2349 3773 recipitur
2404 3702 2643 3773 ideoque
2670 3703 2683 3771 Ι
2711 3709 2766 3759 et
2825 3703 3123 3773 recipimus
3174 3702 3323 3773 quod
3381 3703 3428 3754 0

963 3808 1182 3863 oemper
1211 3792 1286 3849 sit
1313 3818 1324 3861 ι
1351 3794 1628 3866 sumpsit!
1669 3796 1746 3848 Υ·
1874 3796 2013 3852 8-9
2047 3795 2279 3867 ideoque
2312 3836 2329 3852 .
2364 3834 2378 3849 .
2415 3835 2429 3850 .
2464 3794 2575 3851 fine
2604 3794 2783 3865 {fehlt
2818 3795 2871 3848 A
3009 3796 3045 3849 9
3076 3792 3169 3849 eui
3194 3792 3209 3861 Ι
3238 3796 3336 3847 aut
3372 3794 3425 3847 A

963 3883 1039 3937 sit
1066 3883 1078 3943 Ι
1107 3883 1162 3939 id
1211 3888 1299 3941 est
1329 3923 1346 3941 .
1381 3924 1396 3939 .
1432 3922 1448 3937 .
1477 3884 1736 3953 (aanor)
1783 3892 1870 3943 eut
1929 3888 1983 3941 A
2117 3884 2468 3941 inter-secutio
2495 3885 2507 3951 Ι
2538 3882 2893 3940 inter-secutio
2940 3884 3022 3937 Υ·
3162 3888 3223 3939 et
3248 3884 3261 3953 Ι
3288 3900 3427 3941 teui-

965 3988 1064 4045 μοι·
1095 3979 1154 4031 et
1189 3978 1243 4029 A
1385 3976 1448 4030 10
1477 3992 1610 4045 ergo
1635 3976 1650 4043 Ι
1679 3992 1812 4032 uero
1860 3977 1941 4029 Υ·
2092 3977 2152 4031 11
2192 3976 2341 4047 quod
2376 3976 2599 4031 uidetur
2630 3973 3031 4031 contradicenti
3068 3974 3233 4031 nobi·
3258 3974 3431 4046 useleu

971 4065 1108 4119 ΟΥ·
1261 4066 1358 4123 ned
1386 4066 1397 4135 Ι
1425 4066 1520 4123 ced
1555 4072 1642 4123 est
1675 4069 1728 4122 A
1883 4065 2083 4123 12-13
2114 4072 2271 4123 extra
2302 4082 2503 4137 eoum
2528 4065 2541 4134 Ι
2568 4070 2797 4121 externa
2830 4066 3076 4138 torpori·
3122 4065 3203 4119 Υ·
3366 4064 3433 4120 14

965 4172 1092 4212 cum
1129 4156 1188 4213 in
1217 4157 1230 4226 Ι
1258 4156 1318 4214 in
1355 4158 1502 4212 AV⁸
1529 4173 1657 4213 cum
1695 4158 1743 4211 0
1907 4157 2173 4228 singulari
2203 4160 2216 4224 l
2241 4156 2477 4228 singulis
2522 4156 2599 4212 Υ·
2739 4156 2802 4212 15
2834 4157 3123 4229 longitudo
3150 4158 3163 4227 1
3190 4156 3427 4213 latitudo

979 4248 1062 4303 Υ·
1206 4247 1302 4319 [et]
1329 4254 1342 4317 ξ
1365 4250 1504 4317 fehlt
1540 4249 1686 4305 ΔΥ·
1845 4257 2079 4306 uocatur
2104 4254 2117 4318 Ι
2144 4250 2467 4307 nominatur
2506 4252 2551 4303 0
2686 4251 2751 4305 17
2784 4249 3111 4307 nominatur
3134 4250 3149 4319 Ι
3172 4250 3310 4318 fehlt
3355 4246 3434 4302 Υ·

971 4340 1036 4395 18
1068 4338 1190 4397 uine
1217 4344 1230 4405 1
1256 4339 1378 4396 ciue
1417 4326 1464 4393 ὁ
1619 4344 1679 4397 et
1710 4379 1726 4397 .
1763 4380 1776 4395 .
1813 4379 1828 4395 .
1863 4340 2188 4399 nominatur
2213 4344 2225 4409 Ι
2249 4342 2388 4410 [deu
2436 4340 2516 4395 Υ·
2684 4340 2749 4397 19
2782 4344 2839 4398 et
2865 4348 2877 4407 Ι
2901 4342 3042 4410 fehlt
3080 4343 3130 4396 A
3264 4340 3335 4397 20
3363 4354 3431 4397 ex

963 4429 1056 4500 -510
1089 4434 1176 4487 ent
1211 4433 1261 4486 A
1398 4430 1470 4487 22
1496 4435 1585 4488 eut
1615 4448 1745 4502 emo
1780 4435 1833 4488 A
2002 4432 2279 4505 quidditu
2305 4434 2320 4499 Ι
2346 4430 2591 4504 quiditu
2628 4433 2676 4486 0
2812 4430 3043 4504 reliquis
3067 4435 3082 4502 Ι
3108 4428 3305 4501 ceteri·
3352 4431 3438 4486 Υ·

971 4520 1100 4579 alti·
1135 4526 1184 4579 A
1320 4522 1391 4580 2³
1425 4539 1538 4581 non
1572 4531 1702 4580 tunt
1738 4524 1892 4583 locu·
1917 4525 1932 4594 Ι
1960 4524 2115 4581 lot-us
2150 4538 2263 4581 non
2298 4528 2431 4582 tunt
2466 4524 2513 4577 0
2932 4538 2941 4545 ·
