3867 5384
943 404 2681 477 mimum-nmmum
2978 407 3058 464 Β
3154 435 3167 441 ·

573 546 874 613 flatrum.
967 546 1036 613 et
1096 542 1166 609 id
1225 540 1410 627 quod
1467 542 1685 609 solent
1745 540 1965 609 faeere
2016 540 2087 611 in
2130 542 2329 611 rebus
2372 544 2441 611 et
2482 543 2665 629 quod
2708 543 3059 612 inueniunt

573 660 640 727 in
705 659 844 725 suis
905 656 1214 726 domibus
1275 656 1364 724 de
1405 656 1624 737 rebus,
1671 660 1928 741 ponunt
1971 655 2219 724 indices
2262 642 2633 725 ceterarum
2674 656 3055 743 dispositio-

573 793 734 841 num
797 772 1082 841 aliorum
1143 788 1498 855 puerorum
1519 818 1540 851 ,
1603 770 1910 855 quamuis
1964 787 2099 837 non
2144 768 2431 838 uiderint
2474 790 2575 839 ea.
2664 774 2735 839 et
2775 770 2901 839 boe
2942 792 3055 839 se-

571 887 864 955 cundum
911 882 1502 953 considerationem
1547 882 2051 967 dispositionum
2072 930 2093 963 ‚
2156 902 2327 969 quas
2370 882 2583 951 sciunt
2624 882 2711 951 de
2752 904 2827 951 se
2868 884 3049 969 ipsis.

789 1000 1016 1067 Adulti
1079 1016 1242 1065 uero
1305 996 1566 1078 regulas
1627 1014 1898 1063 suarum
1954 998 2601 1079 argumentationum
2643 998 2899 1082 ponunt
2940 1018 3047 1079 ea,
3108 1022 3143 1064 ι

575 1132 749 1199 quae
819 1114 1152 1181 nonerunt
1219 1110 1360 1179 suis
1429 1108 1752 1177 exercitiis
1811 1110 1910 1177 de
1980 1110 2179 1177 rebus
2242 1114 2311 1179 et
2370 1110 2457 1179 de
2514 1110 3051 1195 dispositionibus

575 1246 806 1295 earum
827 1276 846 1307 ‚
891 1244 1061 1311 quas
1105 1223 1358 1309 experti
1405 1226 1578 1291 sunt.
1671 1226 1740 1291 et
1781 1228 1938 1290 sunt
1982 1224 2079 1292 eis
2122 1223 2379 1293 radices
2422 1224 2511 1292 ad
2556 1224 2625 1291 id
2668 1223 2847 1309 quod
2888 1244 3051 1291 eon·

575 1322 870 1409 siderant
913 1338 1000 1405 de
1043 1338 1184 1407 aliis
1233 1338 1452 1418 rebus,
1497 1356 1666 1423 quas
1708 1356 1843 1405 non
1889 1336 2201 1406 uiderunt
2244 1358 2365 1407 nec
2408 1338 2661 1425 experti
2704 1340 2877 1405 sunt.

789 1452 1138 1537 Sapientes
1181 1470 1366 1533 uero,
1407 1450 1522 1535 qui
1565 1457 1999 1535 praesumunt
2040 1451 2127 1519 de
2170 1452 2444 1520 scientia
2486 1451 2744 1537 topicae
2788 1456 2856 1519 et
2892 1452 3049 1519 sub-

577 1565 810 1633 tilitate
875 1563 1342 1649 speculationis
1365 1614 1382 1645 ,
1447 1564 1702 1647 regulas
1763 1584 2035 1632 marum
2090 1564 2737 1647 argumentationum
2789 1569 3048 1650 ponunt
3078 1588 3143 1631 ιο

575 1678 640 1745 id
663 1728 684 1759 ,
747 1678 814 1745 in
859 1697 996 1763 quo
1041 1678 1442 1747 conueniunt
1485 1678 1573 1745 illi
1619 1682 1686 1745 et
1731 1678 1832 1745 sui
1879 1678 2265 1747 aduersarii.
2357 1683 2426 1748 et
2466 1679 2635 1747 baec
2674 1682 2831 1747 sunt
2872 1678 3047 1746 radi·

574 1810 688 1859 ces
750 1794 818 1859 et
879 1792 1362 1877 propositiones
1379 1840 1398 1871 ,
1459 1810 1582 1875 per
1641 1810 1810 1877 quas
1861 1792 2285 1861 considerant
2326 1792 2396 1859 id
2440 1794 2507 1859 in
2552 1812 2689 1877 quo
2730 1792 3048 1861 dissident

575 1906 719 1974 siue
763 1903 984 1993 [illud]
1032 1905 1098 1972 in
1143 1925 1278 1990 quo
1323 1904 1724 1972 conueniunt
1742 1954 1761 1985 ,
1807 1905 1892 1971 sit
1936 1924 2171 1973 uerum
2216 1906 2361 1975 siue
2402 1904 2676 1987 talmm,
2720 1906 2863 1976 siue
2904 1926 3047 1975 eer-

577 2024 718 2086 tum
763 2018 906 2085 siue
950 2034 1318 2085 erroneum.
1783 2070 1792 2079 .

789 2130 922 2199 Sed
995 2130 1334 2199 exercitati
1413 2130 1481 2197 in
1561 2130 2235 2198 demonstrationibus
2293 2132 2707 2215 geometricis
2784 2132 3043 2217 regulas
3074 2151 3132 2193 ιι

575 2263 846 2313 suarum
909 2244 1553 2329 argumentationum
1615 2234 1893 2329 ponunt'
1927 2264 2009 2311 ea
2054 2264 2230 2329 quae
2270 2250 2429 2313 sunt
2472 2244 2539 2313 in
2582 2245 2813 2331 primis
2856 2244 3045 2313 intel-

575 2359 870 2427 lectibus.
963 2362 1030 2427 et
1073 2358 1238 2425 haec
1283 2360 1438 2425 sunt
1481 2356 1736 2425 radices
1779 2361 1850 2425 et
1893 2356 2398 2443 propositiones,
2442 2378 2525 2425 ex
2560 2378 2843 2443 quarum
2885 2378 3045 2425 con·

576 2472 975 2539 clusionibus
1021 2472 1284 2539 eliciunt
1329 2470 1459 2540 alia
1503 2474 1663 2538 nota
1681 2520 1702 2551 ‚
1755 2490 1932 2557 quae
1976 2491 2099 2539 nec
2142 2474 2301 2539 sunt
2342 2472 2675 2539 sensibilia
2718 2492 2840 2540 nec
2886 2477 3043 2541 nota

572 2585 800 2670 primis
847 2584 1308 2665 intellectibus,
1371 2583 1486 2652 sed
1532 2588 1688 2652 sunt
1731 2583 2063 2669 adquisita
2106 2584 2779 2653 demonstrationibus
2822 2606 3046 2653 neces-

575 2700 786 2766 sariiS.
876 2698 1112 2767 deinde
1155 2698 1298 2783 ipsa
1345 2702 1488 2767 tota
1529 2697 1862 2782 adquisita
1905 2702 2165 2783 ponunt
2206 2700 2712 2785 propositiones,
2757 2720 2838 2767 ex
2880 2718 3047 2785 qua-
3070 2716 3131 2759 eo

575 2834 724 2881 rum
771 2812 1296 2879 conclusionibus
1339 2812 1604 2879 eliciunt
1645 2812 1778 2880 alia
1821 2818 2006 2894 nota,
2050 2832 2225 2897 quae
2268 2815 2427 2881 sunt
2460 2812 2799 2881 subtiliora
2842 2833 3045 2899 quam

513 2986 524 2997 .
577 2948 656 2993 ea
675 2974 694 3007 ,
750 2944 924 3010 quae
970 2926 1232 2993 fuerunt
1275 2926 1479 3012 prius.
1571 2929 1639 2993 ct
1679 2924 1776 2993 sic
1820 2926 2069 2992 faciunt
2112 2946 2377 3011 semper
2420 2926 2485 2993 in
2532 2929 2677 2994 tota
2720 2926 2857 2994 uita
2900 2946 3042 2995 sua.

789 3039 974 3107 Scias
1037 3038 1240 3107 etiam
1301 3038 1480 3123 quod
1544 3039 1630 3106 de
1691 3037 2085 3106 animalibus
2146 3038 2475 3123 quaedam
2540 3038 2787 3107 habent
2838 3060 3043 3107 unum

574 3172 842 3219 sensum
862 3200 880 3233 ‚
928 3152 1258 3237 quaedam
1303 3152 1491 3233 duos,
1537 3150 1866 3237 quaedam
1913 3154 2069 3231 tres,
2114 3150 2445 3235 quaedam
2490 3154 2795 3237 quatuor,
2839 3172 3044 3239 quae-

575 3266 732 3331 dam
797 3264 1088 3349 quinque
1149 3244 1456 3351 integros.
1548 3266 1718 3333 scias
1779 3264 1982 3332 etiam
2036 3264 2218 3349 quod
2262 3284 2409 3332 esse
2450 3264 2754 3331 animalis
2798 3266 2865 3333 in
2908 3286 3043 3351 quo
3067 3280 3127 3325 2⁵

575 3376 768 3445 suerit
827 3378 1184 3462 plurimum
1247 3398 1562 3444 sensuum
1579 3426 1600 3457 ,
1663 3378 1937 3444 habebit
1997 3376 2217 3467 plura·
2250 3382 2537 3445 sensata.
2628 3377 2829 3467 homo
2884 3398 3045 3446 uero

573 3489 778 3556 habet
820 3489 945 3557 hos
987 3488 1280 3573 quinque
1323 3510 1554 3556 sensus
1597 3490 1941 3575 plenarie..
1982 3490 2101 3557 sed
2147 3489 2261 3575 qui
2306 3509 2389 3557 ex
2434 3490 2811 3559 hominibus
2854 3492 3047 3562 merit

573 3600 1014 3685 perspicacior
1055 3602 1231 3669 circa
1275 3621 1400 3669 sua
1443 3606 1708 3671 sensata
1753 3606 1820 3669 et
1863 3601 2076 3684 magis
2120 3602 2545 3671 considerans
2588 3604 3047 3691 dispositiones

574 3734 825 3795 eorum,
871 3734 952 3781 ea
997 3734 1169 3799 quae
1211 3718 1368 3782 sunt
1409 3719 1570 3783 nota
1611 3716 1838 3801 primis
1885 3715 2317 3785 intellectibus
2358 3722 2555 3785 erunt
2596 3717 2664 3785 in
2710 3738 2793 3785 eo
2824 3719 3043 3805 pluraz

576 3832 646 3894 et
707 3828 822 3912 qui
883 3826 1075 3895 fuerit
1139 3826 1514 3896 huiusmodi
1579 3831 1653 3896 ut
1707 3830 1815 3896 hic
1859 3830 2044 3913 prius
2087 3834 2249 3898 nota
2293 3836 2502 3915 ponat
2546 3831 3042 3917 propositiones,
3068 3846 3126 3887 ³·

575 3947 643 4008 et
707 3962 786 4007 ex
849 3942 944 4007 eis
1007 3940 1222 4009 eliciat
1283 3942 1734 4009 conclusiones
1799 3946 1866 4009 et
1911 3948 2071 4011 nota
2118 3944 2639 4013 demonstratiua
2658 3994 2679 4027 ‚
2743 3948 2934 4013 erunt
2978 3946 3043 4011 in

796 4224 934 4282 2-8
996 4226 1068 4283 de
1147 4228 1317 4284 rebus
1367 4266 1381 4283 .
1429 4270 1446 4286 .
1497 4266 1516 4287 .
1570 4229 2021 4301 pueros-nmilia
2088 4228 2151 4285 N
2374 4229 2413 4286 δ
2486 4229 3046 4301 regula-lregulare·

580 4368 701 4424 NV
889 4368 926 4423 o
983 4370 1302 4440 nonerunt!
1331 4320 1554 4439 nm'itn‘t'⁹
1598 4385 1690 4422 «ιιι
1747 4368 1969 4425 Ranae:
2019 4370 2283 4427 nouerint
2312 4370 2573 4439 (annae)
2602 4370 2663 4425 11
2868 4372 3043 4443 1811!-

577 4507 696 4579 lud]
721 4510 735 4579 Ι
760 4510 896 4579 telate
942 4510 995 4564 l'
1139 4508 1440 4581 plurimum
1471 4508 1484 4577 Ι
1511 4467 1652 4601 'punit
1679 4506 1862 4577 pluria
1911 4509 1962 4562 l'
1990 4508 2182 4580 pl'ium
2215 4509 2278 4566 N
2404 4510 2503 4581 qui
2530 4510 2542 4579 Ι
2570 4524 2686 4581 quo
2720 4509 2779 4566 N
2908 4513 3017 4583 αΙ

577 4616 866 4701 qut-exN
992 4614 1630 4688 fflprimlsltribusll

3785 3145 3810 3646 vm-wwtm·flna
3786 3017 3807 3107 ο-Ιὶ..
3794 2940 3803 2950 ι
3796 2859 3807 2888 ι,
3794 2793 3812 2833 με
3788 2655 3813 2751 σῆκι,
3796 2583 3811 2618 -0
3798 2542 3805 2551 ο
