3867 5384
47 4166 60 4603 -ἠνηη-ᾑ-ὴ-Ᾰ---ν-ι-
48 4124 56 4151 ν-
48 4092 50 4103 -
46 3976 55 4065 ν’-τ
46 3778 50 3785 ⁷
46 3726 51 3735 -
46 3690 49 3697 ⁴
44 3533 49 3543 ·

79 4332 102 4501 vb-oae'
79 4091 90 4288 -.···--
79 3802 94 4012 -aeae—o-·
83 3670 92 3679 ,
80 3598 84 3607 -

89 4704 112 4986 -—--·q-··'
87 4667 94 4678 ““
85 4619 96 4635 ν
83 4572 94 4601 ⁶⁵
83 4502 94 4553 '‘-

143 4597 150 4605 ο

759 428 832 494 46
1607 454 1634 485 -·
1881 432 2135 499 At-xindi
2166 438 2181 449 '

975 574 1164 643 Scias
1209 577 1438 643 autem
1483 577 1670 660 quod
1716 596 1898 643 error
1942 576 2255 662 contingit
2300 576 2365 643 in
2411 572 2985 660 argumentatione
3028 570 3239 643 tribus

761 688 998 755 modis.
1093 708 1266 754 unus
1329 692 1432 754 est
1495 708 1642 755 cum
1709 689 1776 756 id
1838 709 1959 773 per
2017 690 2195 773 quod
2260 693 2681 757 mensuratur
2742 693 2841 756 est
2904 688 3235 767 iniustum,

763 802 1008 869 scilicet
1073 802 1290 869 mains
1355 804 1456 869 vel
1521 803 1760 871 minus.
1851 804 2175 871 secundus
2238 809 2339 870 est
2383 824 2531 871 cum
2581 808 2773 871 utens
2817 807 3237 885 argumenta-

765 915 944 982 tione
1007 920 1109 982 est
1173 916 1516 1001 imperitus
1581 916 1646 983 in
1713 916 1959 984 utendo
2020 938 2119 985 ea.
2212 919 2477 984 tertium
2540 922 2765 985 autem
2828 920 2929 983 est
2972 936 3122 983 cum
3170 915 3235 981 id

709 1054 738 1095 s
761 1047 886 1111 per
946 1030 1126 1112 quod
1193 1035 1618 1098 mensuratur
1679 1034 1782 1097 est
1843 1031 2083 1097 iustum
2144 1038 2203 1095 et
2268 1035 2457 1098 utens
2512 1052 2594 1097 eo
2640 1034 2742 1097 est
2784 1030 3031 1115 peritus
3050 1078 3068 1110 ,
3131 1028 3241 1093 sod

764 1142 908 1207 eius
953 1142 1233 1210 intentio
1279 1146 1380 1209 est
1425 1143 1513 1209 ad
1565 1143 2044 1227 decipiendum.

1972 1258 2049 1323 11.

983 1369 1111 1435 Per
1176 1370 1572 1455 imperitiam
1637 1374 1862 1438 autem
1909 1373 2149 1439 utentis
2194 1372 2509 1453 contingit
2556 1390 2740 1437 error
2782 1370 2846 1436 in
2893 1388 3243 1453 argumen-

767 1482 1020 1550 tatione
1064 1481 1192 1549 hoc
1237 1484 1483 1551 modo:

692 1619 742 1661 ιο
983 1595 1172 1663 Scias
1217 1598 1400 1681 quod
1445 1598 1750 1667 naturale
1793 1603 1894 1667 est
1938 1600 2031 1667 uti
2076 1600 2645 1682 argumentatione
2690 1618 2732 1663 a
2776 1597 3055 1681 pueritia
3098 1616 3243 1674 sua,

769 1709 937 1775 sicut
999 1710 1305 1777 naturale
1361 1717 1464 1778 ast
1493 1712 1569 1778 -ei
1615 1712 1707 1778 uti
1756 1713 2073 1780 sensibus.
2166 1712 2379 1779 infans
2424 1712 2597 1779 enim
2646 1732 2797 1779 cum
2842 1710 3066 1795 incipit
3108 1709 3245 1775 dis-

769 1841 1036 1889 cernere
1100 1828 1169 1891 et
1222 1824 1642 1893 considerare
1684 1826 2013 1893 sensibilia
2058 1832 2123 1893 et
2168 1826 2583 1894 considerare
2626 1829 2935 1909 parentes
2979 1828 3048 1891 et
3089 1841 3244 1905 cog·

769 1936 986 2005 noscit
1047 1956 1164 2003 eos
1208 1938 1602 2005 sensibiliter
1645 1944 1712 2007 et
1757 1938 2063 2007 discernit
2108 1940 2278 2007 inter
2319 1961 2392 2006 se
2435 1942 2501 2006 et
2544 1938 2724 2023 ipsos
2769 1942 2835 2005 et
2880 1938 3103 2021 incipit
3146 1937 3245 2002 uti

770 2050 1189 2133 opinionibus
1253 2055 1321 2118 et
1383 2052 1975 2133 aestimationibus,
2038 2056 2191 2121 tune
2246 2054 2301 2119 si
2348 2052 2591 2120 uiderit
2634 2052 2921 2135 aliquem
2965 2070 3245 2135 puerum

692 2182 744 2225 ιε
771 2162 894 2229 sibi
944 2163 1352 2230 consimilem
1398 2171 1467 2232 et
1511 2166 1953 2235 considerauit
1998 2186 2170 2246 eum,
2235 2167 2395 2234 sciet
2438 2186 2592 2233 eum
2638 2164 2883 2233 habere
2917 2167 3244 2249 parentas,

769 2278 1078 2361 quamuis
1141 2297 1276 2343 non
1340 2278 1580 2347 uiderit
1641 2270 1758 2347 eos
1819 2280 2226 2361 sensibiliter,
2290 2278 2811 2347 consideratione
2855 2280 3118 2362 sumpta
3164 2296 3248 2343 ex

771 2410 866 2457 se.
959 2395 1029 2457 et
1087 2392 1218 2457 hoc
1270 2396 1374 2459 est
1417 2394 1902 2475 argumentatio
1948 2414 2126 2476 uera,
2192 2396 2259 2461 in
2305 2414 2437 2478 qua
2483 2413 2620 2460 non
2666 2396 2766 2460 est
2812 2412 3014 2471 error,
3076 2410 3246 2475 quo·

773 2504 954 2571 niam
1011 2509 1115 2571 est
1158 2506 1498 2573 attestatio
1544 2508 1724 2591 quod
1770 2509 1937 2576 uisio
1982 2510 2233 2576 causati
2279 2512 2378 2575 est
2422 2506 2937 2573 stabilimentum
2985 2524 3247 2573 causae.

773 2617 828 2682 si
893 2637 1057 2683 nero
1120 2618 1428 2686 habuerit
1491 2621 1724 2688 fratres
1745 2670 1764 2703 ,
1827 2640 1996 2707 quos
2055 2622 2189 2689 iam
2254 2620 2492 2688 uiderit
2532 2620 2923 2687 sensibiliter
2942 2668 2961 2700 ‚
3025 2617 3247 2702 incipit

689 2750 748 2795 ευ
774 2732 934 2799 tuuc
996 2712 1242 2815 putare
1296 2736 1365 2800 et
1429 2734 1782 2801 aestimare
1841 2735 2023 2819 quod
2084 2736 2190 2803 ille
2253 2736 2420 2802 alius
2480 2754 2649 2820 puer
2710 2734 3004 2800 similiter
3047 2732 3247 2798 habet

775 2845 1032 2924 ἰωὴ-οε,
1079 2846 1446 2912 secundum
1493 2849 2029 2915 consuetudinem
2076 2850 2197 2917 sui.
2271 2849 2389 2915 sed
2433 2848 2500 2913 in
2528 2848 2659 2915 hac
2684 2846 3251 2929 argumentatione

774 2960 877 3023 est
919 2977 1125 3039 error,
1191 2961 1262 3025 et
1303 2959 1626 3027 certitudo
1671 2962 1804 3025 eius
1847 2968 1934 3025 es!
1979 2962 2293 3046 quoniam
2335 2961 2501 3028 uisio
2546 2962 2834 3040 causati,
2898 2959 3077 3043 quod
3119 2958 3252 3024 sint

774 3070 979 3155 aliqui
1042 3071 1157 3137 filii
1219 3072 1324 3139 sui
1385 3073 1644 3155 generis
1663 3124 1682 3155 ‚
1746 3094 1880 3141 non
1927 3081 2027 3141 est
2078 3075 2523 3143 testimonium
2568 3072 2937 3140 stabiliendi
2982 3090 3251 3138 eausam

773 3204 988 3251 suam.
1080 3186 1381 3254 similiter
1425 3188 1625 3255 etiam
1648 3237 1667 3268 ,
1713 3180 1860 3256 cum
1908 3189 2012 3255 hic
2055 3209 2222 3274 puer
2267 3189 2433 3255 uidit
2474 3188 2815 3255 mulierem
2859 3184 2968 3251 uel
3012 3184 3251 3264 uirum,

693 3313 750 3357 τε
775 3298 1040 3381 putabit
1083 3302 1152 3365 et
1193 3300 1578 3367 aestimabit
1621 3322 1735 3369 eos
1781 3302 2027 3370 habere
2070 3303 2297 3383 tilium,
2344 3302 2651 3387 quamuis
2696 3320 2827 3366 non
2874 3298 3111 3366 uiderit
3136 3318 3254 3365 eos

777 3410 1192 3495 sensibiliter,
1257 3414 1622 3481 secundum
1667 3416 2260 3485 considerationem
2306 3415 2525 3484 indicii
2571 3432 2841 3481 suorum
2879 3413 3251 3497 parentum.

775 3524 894 3591 sed
942 3523 1254 3593 iudicium
1301 3548 1466 3595 suae
1510 3530 2048 3599 considerationis
2078 3530 2439 3617 aliquando
2466 3534 2569 3597 est
2598 3549 2851 3607 uerum,
2896 3522 3254 3611 aliquando

781 3642 882 3704 est
928 3638 1163 3705 salsum
1187 3690 1206 3721 ‚
1253 3642 1571 3726 quoniam
1617 3644 1786 3711 uisio
1831 3646 2107 3712 tiliorum
2152 3644 2411 3727 generis
2454 3662 2695 3711 causae
2738 3638 3109 3707 testificatio
3152 3640 3257 3705 est

979 3825 1120 3881 2-3
1155 3824 1430 3885 iniustum
1449 3871 1461 3895 ,
1509 3828 1720 3885 seilicet
1747 3834 1760 3896 Ι
1787 3829 2053 3887 iniustum
2089 3836 2174 3915 ‘2²
2208 3830 2415 3915 iustum
2450 3828 2549 3885 sed
2584 3833 2749 3912 utens
2782 3844 2891 3913 eqq
2922 3831 3005 3911 es}
3040 3822 3252 3910 peritus

780 3936 838 4018 et
888 3934 1014 4018 eins
1063 3934 1308 4019 intentio
1341 3942 1426 4021 est
1458 3936 1528 3992 ad
1560 3935 1949 4021 decipiendum
1983 3938 2195 3996 seilicet
2229 3938 2290 3995 N
2454 3938 2594 3995 4-6
2628 3936 2683 3993 id
2718 3953 2816 4009 per
2848 3934 2996 4007 qnod
3026 3932 3039 4003 Ι
3066 3949 3163 4005 per
3197 3933 3253 3990 id

779 4040 932 4113 quod
968 4042 1083 4099 NV
1119 4042 1256 4099 aber
1286 4045 1348 4098 in
1401 4043 1452 4101 1·
1478 4048 1771 4115 σοιν-ἔρδω
1813 4044 1886 4109 ‚id
1920 4062 2018 4117 per
2050 4046 2217 4117 quotl‘
2252 4064 2355 4101 ron
2388 4046 2663 4101 deu-selben
2701 4045 2871 4100 nana
2968 4044 3005 4098 ὀ
3034 4049 3093 4101 et
3120 4042 3134 4115 Ι
3157 4041 3257 4099 sed

782 4132 904 4188 NV
1035 4149 1104 4189 eo
1130 4132 1145 4203 1
1172 4150 1278 4206 eon
1316 4136 1382 4190 N
1512 4134 1609 4191 sed
1635 4137 1650 4204 Ι
1677 4140 1736 4192 et
1769 4136 1894 4193 NV
2008 4136 2075 4191 10
2104 4136 2589 4209 argumentatione
2616 4143 2629 4202 ι
2656 4136 2712 4192 h·
2747 4136 3258 4207 argumentationes

780 4240 848 4295 N
981 4240 1042 4296 11
1081 4240 1447 4313 opinionibus
1473 4240 1486 4311 1
1515 4242 1913 4314 oppinionibus
1961 4244 2009 4301 1⁷
2134 4250 2195 4301 et
2228 4244 2747 4312 aestimationibus!
2777 4246 2911 4314 fehlt
2934 4245 2996 4301 N
3126 4260 3259 4317 pue·

781 4347 908 4389 rum
935 4334 948 4395 Ι
977 4334 1164 4389 uirum
1223 4331 1282 4389 N
1339 4350 1574 4406 puerum
1619 4336 1977 4405 (corripiet-t)
2022 4336 2070 4393 Ι·
2206 4336 2303 4398 ,Ιῦ
2332 4334 2769 4393 considerauerit
2792 4336 2807 4405 Ι
2833 4336 3164 4393 eonsid'suit
3198 4335 3260 4391 N

780 4422 928 4481 sieut
985 4440 1116 4481 enm
1143 4425 1158 4493 Ι
1181 4424 1545 4496 »curuamine
1615 4426 1694 4491 Γ,
1748 4426 1887 4496 fehlt
1947 4425 2008 4480 N
2175 4428 2237 4481 m
2286 4424 2769 4502 consideratione!
2796 4426 3144 4485 considerare
3200 4425 3264 4483 11

785 4564 852 4621 ιο
873 4581 1019 4636 «μοι.
1045 4566 1060 4635 ι
1086 4528 1162 4653 «fg
1185 4582 1330 4639 quo·
1395 4564 1448 4621 ν
1608 4568 1681 4624 22
1733 4566 1856 4624 etus
1911 4572 1995 4625 ea
2021 4571 2033 4636 ι
2057 4569 2195 4638 tam
2229 4567 2351 4623 mr
2510 4568 2731 4637 generi·
2758 4567 2771 4638 ι
2796 4570 3149 4641 asumptum
3195 4569 3262 4637 ν,

781 4690 922 4759 sdan
957 4690 1022 4746 N
1153 4688 1543 4748 testimonium
1569 4692 1584 4759 Ι
1611 4678 1800 4750 munii
1835 4692 1896 4749 N
2024 4696 2092 4750 2⁶1
2122 4710 2263 4751 suae
2288 4693 2302 4766 Ι
2328 4692 2499 4751 liuius
2542 4692 2595 4749 t'
