<?xml version="1.0" encoding="UTF-8"?>
<!DOCTYPE html PUBLIC "-//W3C//DTD XHTML 1.0 Transitional//EN"
    "http://www.w3.org/TR/xhtml1/DTD/xhtml1-transitional.dtd">
<html xmlns="http://www.w3.org/1999/xhtml" xml:lang="en" lang="en">
 <head>
  <title>
</title>
<meta http-equiv="Content-Type" content="text/html;charset=utf-8" />
  <meta name='ocr-system' content='tesseract 3.04.00' />
  <meta name='ocr-capabilities' content='ocr_page ocr_carea ocr_par ocr_line ocrx_word'/>
</head>
<body>
  <div class='ocr_page' id='page_1' title='image "./diephilosophisc00nagygoog_0091.png"; bbox 0 0 3867 5384; ppageno 0'>
   <div class='ocr_carea' id='block_1_1' title="bbox 45 2127 68 2580">
    <p class='ocr_par' dir='ltr' id='par_1_1' title="bbox 45 2127 68 2580">
     <span class='ocr_line' id='line_1_1' title="bbox 45 2127 68 2580; textangle 90"><span class='ocrx_word' id='word_1_1' title='bbox 49 2484 68 2580; x_wconf 49' lang='grc' dir='ltr'>ἦ...</span> <span class='ocrx_word' id='word_1_2' title='bbox 47 2397 64 2473; x_wconf 59' lang='lat'>00⁴0</span> <span class='ocrx_word' id='word_1_3' title='bbox 47 2331 61 2379; x_wconf 59' lang='lat'>0*-</span> <span class='ocrx_word' id='word_1_4' title='bbox 45 2205 62 2306; x_wconf 59' lang='lat'>*⁰92⁰-</span> <span class='ocrx_word' id='word_1_5' title='bbox 45 2127 60 2190; x_wconf 55' lang='grc' dir='ltr'>,θ’</span> 
     </span>
    </p>
   </div>
   <div class='ocr_carea' id='block_1_2' title="bbox 39 1754 62 2122">
    <p class='ocr_par' dir='ltr' id='par_1_2' title="bbox 39 1754 62 2122">
     <span class='ocr_line' id='line_1_2' title="bbox 39 1754 62 2122; textangle 90"><span class='ocrx_word' id='word_1_6' title='bbox 45 2091 62 2122; x_wconf 64' lang='lat' dir='ltr'>a·</span> <span class='ocrx_word' id='word_1_7' title='bbox 43 1879 60 2077; x_wconf 54' lang='lat' dir='ltr'>nnn-*rw</span> <span class='ocrx_word' id='word_1_8' title='bbox 39 1754 58 1868; x_wconf 54' lang='lat' dir='ltr'>Occu·</span> 
     </span>
    </p>
   </div>
   <div class='ocr_carea' id='block_1_3' title="bbox 31 4466 86 4749">
    <p class='ocr_par' dir='ltr' id='par_1_3' title="bbox 31 4466 86 4749">
     <span class='ocr_line' id='line_1_3' title="bbox 31 4466 42 4693; textangle 90"><span class='ocrx_word' id='word_1_9' title='bbox 31 4606 42 4693; x_wconf 50' lang='grc' dir='ltr'><strong>ινιτ-</strong></span> <span class='ocrx_word' id='word_1_10' title='bbox 31 4492 40 4591; x_wconf 75' lang='lat'>---</span> <span class='ocrx_word' id='word_1_11' title='bbox 32 4466 35 4473; x_wconf 67' lang='lat' dir='ltr'>v</span> 
     </span>
     <span class='ocr_line' id='line_1_4' title="bbox 61 4534 86 4749; textangle 90"><span class='ocrx_word' id='word_1_12' title='bbox 61 4726 73 4749; x_wconf 55' lang='grc' dir='ltr'>ἢ</span> <span class='ocrx_word' id='word_1_13' title='bbox 63 4656 74 4670; x_wconf 59' lang='lat'>0</span> <span class='ocrx_word' id='word_1_14' title='bbox 65 4596 79 4603; x_wconf 60' lang='lat' dir='ltr'>q</span> <span class='ocrx_word' id='word_1_15' title='bbox 79 4534 86 4543; x_wconf 64' lang='lat'><strong>·</strong></span> 
     </span>
    </p>
   </div>
   <div class='ocr_carea' id='block_1_4' title="bbox 119 4679 176 5158">
    <p class='ocr_par' dir='ltr' id='par_1_4' title="bbox 119 4679 176 5158">
     <span class='ocr_line' id='line_1_5' title="bbox 119 4710 126 4715; textangle 90"><span class='ocrx_word' id='word_1_16' title='bbox 119 4710 126 4715; x_wconf 59' lang='grc' dir='ltr'><em>ι</em></span> 
     </span>
     <span class='ocr_line' id='line_1_6' title="bbox 159 4679 176 5158; textangle 90"><span class='ocrx_word' id='word_1_17' title='bbox 170 5146 176 5158; x_wconf 65' lang='lat'><em>„</em></span> <span class='ocrx_word' id='word_1_18' title='bbox 169 5097 176 5107; x_wconf 77' lang='lat'><em>‚</em></span> <span class='ocrx_word' id='word_1_19' title='bbox 159 4679 172 5023; x_wconf 59' lang='grc' dir='ltr'>-α-ο-ο-α-νσ-</span> 
     </span>
    </p>
   </div>
   <div class='ocr_carea' id='block_1_5' title="bbox 65 4789 178 5369">
    <p class='ocr_par' dir='ltr' id='par_1_5' title="bbox 65 4789 178 5369">
     <span class='ocr_line' id='line_1_7' title="bbox 65 4789 98 5369; textangle 90"><span class='ocrx_word' id='word_1_20' title='bbox 71 4936 98 5369; x_wconf 44' lang='grc' dir='ltr'>-ῃ-,ιμο-ιῡῄἿ</span> <span class='ocrx_word' id='word_1_21' title='bbox 67 4836 83 4914; x_wconf 58' lang='grc'>”’“</span> <span class='ocrx_word' id='word_1_22' title='bbox 65 4789 76 4821; x_wconf 81' lang='grc'>“”</span> 
     </span>
     <span class='ocr_line' id='line_1_8' title="bbox 169 5145 178 5357; textangle 90"><span class='ocrx_word' id='word_1_23' title='bbox 169 5313 178 5357; x_wconf 85' lang='lat'>....</span> <span class='ocrx_word' id='word_1_24' title='bbox 171 5269 176 5285; x_wconf 94' lang='lat'>-</span> <span class='ocrx_word' id='word_1_25' title='bbox 171 5237 178 5252; x_wconf 86' lang='lat'>-</span> <span class='ocrx_word' id='word_1_26' title='bbox 175 5145 177 5147; x_wconf 83' lang='lat'>.</span> 
     </span>
    </p>
   </div>
   <div class='ocr_carea' id='block_1_6' title="bbox 873 510 2242 615">
    <p class='ocr_par' dir='ltr' id='par_1_6' title="bbox 873 510 2242 615">
     <span class='ocr_line' id='line_1_9' title="bbox 873 510 2242 615; baseline -0.004 0"><span class='ocrx_word' id='word_1_27' title='bbox 873 557 948 615; x_wconf 82' lang='grc' dir='ltr'><em>ω</em></span> <span class='ocrx_word' id='word_1_28' title='bbox 1983 510 2242 611; x_wconf 59' lang='lat' dir='ltr'>lii-madi</span> 
     </span>
    </p>
   </div>
   <div class='ocr_carea' id='block_1_7' title="bbox 809 690 3390 3385">
    <p class='ocr_par' dir='ltr' id='par_1_7' title="bbox 809 690 3390 3385">
     <span class='ocr_line' id='line_1_10' title="bbox 2056 690 2165 758; baseline 0 -1"><span class='ocrx_word' id='word_1_29' title='bbox 2056 690 2165 758; x_wconf 89' lang='lat'>111.</span> 
     </span>
     <span class='ocr_line' id='line_1_11' title="bbox 955 800 3390 893; baseline -0.003 -20"><span class='ocrx_word' id='word_1_30' title='bbox 955 886 964 893; x_wconf 43' lang='grc'><strong>,</strong></span> <span class='ocrx_word' id='word_1_31' title='bbox 1091 806 1275 873; x_wconf 88' lang='lat' dir='ltr'>Scias</span> <span class='ocrx_word' id='word_1_32' title='bbox 1335 804 1516 889; x_wconf 89' lang='lat' dir='ltr'>quod</span> <span class='ocrx_word' id='word_1_33' title='bbox 1583 824 1767 871; x_wconf 86' lang='lat' dir='ltr'>error</span> <span class='ocrx_word' id='word_1_34' title='bbox 1827 803 1943 889; x_wconf 90' lang='lat' dir='ltr'>qui</span> <span class='ocrx_word' id='word_1_35' title='bbox 2006 803 2231 870; x_wconf 78' lang='lat' dir='ltr'>incidit</span> <span class='ocrx_word' id='word_1_36' title='bbox 2293 804 2359 869; x_wconf 90' lang='lat' dir='ltr'>in</span> <span class='ocrx_word' id='word_1_37' title='bbox 2414 800 3048 884; x_wconf 79' lang='lat' dir='ltr'>argumentationem</span> <span class='ocrx_word' id='word_1_38' title='bbox 3115 840 3199 851; x_wconf 91' lang='lat'>—-</span> <span class='ocrx_word' id='word_1_39' title='bbox 3266 820 3390 867; x_wconf 84' lang='lat' dir='ltr'>ex-</span> 
     </span>
     <span class='ocr_line' id='line_1_12' title="bbox 877 914 3351 1003; baseline -0.002 -17"><span class='ocrx_word' id='word_1_40' title='bbox 877 920 1005 987; x_wconf 86' lang='lat' dir='ltr'>hoc</span> <span class='ocrx_word' id='word_1_41' title='bbox 1049 920 1194 1003; x_wconf 83' lang='lat' dir='ltr'>ipsa</span> <span class='ocrx_word' id='word_1_42' title='bbox 1239 918 1303 985; x_wconf 88' lang='lat' dir='ltr'>in</span> <span class='ocrx_word' id='word_1_43' title='bbox 1349 938 1422 985; x_wconf 90' lang='lat' dir='ltr'>se</span> <span class='ocrx_word' id='word_1_44' title='bbox 1467 918 1711 985; x_wconf 90' lang='lat' dir='ltr'>uitiosa</span> <span class='ocrx_word' id='word_1_45' title='bbox 1757 920 1858 985; x_wconf 88' lang='lat' dir='ltr'>est</span> <span class='ocrx_word' id='word_1_46' title='bbox 1899 954 1993 966; x_wconf 86' lang='lat'>—-</span> <span class='ocrx_word' id='word_1_47' title='bbox 2037 916 2259 983; x_wconf 85' lang='lat' dir='ltr'>multis</span> <span class='ocrx_word' id='word_1_48' title='bbox 2302 914 2518 983; x_wconf 87' lang='lat' dir='ltr'>modis</span> <span class='ocrx_word' id='word_1_49' title='bbox 2562 918 2681 983; x_wconf 85' lang='lat' dir='ltr'>est.</span> <span class='ocrx_word' id='word_1_50' title='bbox 2773 918 2841 982; x_wconf 91' lang='lat' dir='ltr'>et</span> <span class='ocrx_word' id='word_1_51' title='bbox 2884 915 3213 999; x_wconf 85' lang='lat' dir='ltr'>prolixum</span> <span class='ocrx_word' id='word_1_52' title='bbox 3248 917 3351 981; x_wconf 91' lang='lat' dir='ltr'>est</span> 
     </span>
     <span class='ocr_line' id='line_1_13' title="bbox 881 1028 3349 1112; baseline -0.002 -13"><span class='ocrx_word' id='word_1_53' title='bbox 881 1032 1242 1100; x_wconf 80' lang='lat' dir='ltr'>ostendere.</span> <span class='ocrx_word' id='word_1_54' title='bbox 1334 1031 1584 1099; x_wconf 88' lang='lat' dir='ltr'>dictum</span> <span class='ocrx_word' id='word_1_55' title='bbox 1652 1030 1826 1099; x_wconf 86' lang='lat' dir='ltr'>enim</span> <span class='ocrx_word' id='word_1_56' title='bbox 1875 1034 1977 1099; x_wconf 70' lang='lat' dir='ltr'>oet</span> <span class='ocrx_word' id='word_1_57' title='bbox 2022 1031 2089 1098; x_wconf 91' lang='lat' dir='ltr'>in</span> <span class='ocrx_word' id='word_1_58' title='bbox 2134 1029 2312 1097; x_wconf 90' lang='lat' dir='ltr'>libris</span> <span class='ocrx_word' id='word_1_59' title='bbox 2356 1028 2624 1112; x_wconf 78' lang='lat' dir='ltr'>logicae.</span> <span class='ocrx_word' id='word_1_60' title='bbox 2714 1028 2892 1096; x_wconf 90' lang='lat' dir='ltr'>unde</span> <span class='ocrx_word' id='word_1_61' title='bbox 2935 1048 3112 1095; x_wconf 88' lang='lat' dir='ltr'>nunc</span> <span class='ocrx_word' id='word_1_62' title='bbox 3156 1029 3349 1095; x_wconf 90' lang='lat' dir='ltr'>uolu-</span> 
     </span>
     <span class='ocr_line' id='line_1_14' title="bbox 827 1140 3350 1225; baseline -0.001 -15"><span class='ocrx_word' id='word_1_63' title='bbox 827 1168 855 1210; x_wconf 63' lang='grc' dir='ltr'><em>ε</em></span> <span class='ocrx_word' id='word_1_64' title='bbox 880 1166 1030 1213; x_wconf 88' lang='lat' dir='ltr'>mus</span> <span class='ocrx_word' id='word_1_65' title='bbox 1088 1145 1432 1213; x_wconf 90' lang='lat' dir='ltr'>nominare</span> <span class='ocrx_word' id='word_1_66' title='bbox 1495 1144 1603 1211; x_wconf 88' lang='lat' dir='ltr'>hic</span> <span class='ocrx_word' id='word_1_67' title='bbox 1665 1144 2076 1212; x_wconf 88' lang='lat' dir='ltr'>conditiones</span> <span class='ocrx_word' id='word_1_68' title='bbox 2140 1144 2720 1225; x_wconf 77' lang='lat' dir='ltr'>argumentationis</span> <span class='ocrx_word' id='word_1_69' title='bbox 2782 1146 3001 1211; x_wconf 89' lang='lat' dir='ltr'>rectae</span> <span class='ocrx_word' id='word_1_70' title='bbox 3065 1140 3350 1223; x_wconf 81' lang='lat' dir='ltr'>tantum,</span> 
     </span>
     <span class='ocr_line' id='line_1_15' title="bbox 881 1242 3355 1339; baseline -0.002 -13"><span class='ocrx_word' id='word_1_71' title='bbox 881 1262 956 1326; x_wconf 93' lang='lat' dir='ltr'>ut</span> <span class='ocrx_word' id='word_1_72' title='bbox 1019 1279 1134 1327; x_wconf 86' lang='lat' dir='ltr'>eas</span> <span class='ocrx_word' id='word_1_73' title='bbox 1197 1259 1510 1325; x_wconf 71' lang='lat' dir='ltr'>obseruas</span> <span class='ocrx_word' id='word_1_74' title='bbox 1573 1261 1642 1325; x_wconf 89' lang='lat' dir='ltr'>et</span> <span class='ocrx_word' id='word_1_75' title='bbox 1704 1277 1822 1324; x_wconf 87' lang='lat' dir='ltr'>eas</span> <span class='ocrx_word' id='word_1_76' title='bbox 1883 1256 2063 1323; x_wconf 90' lang='lat' dir='ltr'>solas</span> <span class='ocrx_word' id='word_1_77' title='bbox 2106 1277 2407 1325; x_wconf 82' lang='lat' dir='ltr'>assumas</span> <span class='ocrx_word' id='word_1_78' title='bbox 2454 1257 2518 1322; x_wconf 91' lang='lat' dir='ltr'>in</span> <span class='ocrx_word' id='word_1_79' title='bbox 2564 1255 3242 1339; x_wconf 82' lang='lat' dir='ltr'>argumentationibus</span> <span class='ocrx_word' id='word_1_80' title='bbox 3274 1242 3355 1322; x_wconf 54' lang='lat' dir='ltr'>&#39;et</span> 
     </span>
     <span class='ocr_line' id='line_1_16' title="bbox 880 1370 3353 1457; baseline -0.002 -17"><span class='ocrx_word' id='word_1_81' title='bbox 880 1372 1364 1457; x_wconf 83' lang='lat' dir='ltr'>praetermittas</span> <span class='ocrx_word' id='word_1_82' title='bbox 1409 1376 1662 1439; x_wconf 86' lang='lat' dir='ltr'>ceteras</span> <span class='ocrx_word' id='word_1_83' title='bbox 1705 1371 2315 1455; x_wconf 62' lang='lat' dir='ltr'>amumentationoe</span> <span class='ocrx_word' id='word_1_84' title='bbox 2358 1370 2425 1437; x_wconf 88' lang='lat' dir='ltr'>in</span> <span class='ocrx_word' id='word_1_85' title='bbox 2470 1370 2707 1455; x_wconf 88' lang='lat' dir='ltr'>quibus</span> <span class='ocrx_word' id='word_1_86' title='bbox 2749 1372 2970 1455; x_wconf 82' lang='lat' dir='ltr'>potest</span> <span class='ocrx_word' id='word_1_87' title='bbox 2995 1389 3140 1439; x_wconf 67' lang='lat' dir='ltr'>esse</span> <span class='ocrx_word' id='word_1_88' title='bbox 3167 1388 3353 1436; x_wconf 90' lang='lat' dir='ltr'>error</span> 
     </span>
     <span class='ocr_line' id='line_1_17' title="bbox 883 1482 3352 1570; baseline -0.002 -17"><span class='ocrx_word' id='word_1_89' title='bbox 883 1489 950 1553; x_wconf 91' lang='lat' dir='ltr'>et</span> <span class='ocrx_word' id='word_1_90' title='bbox 993 1486 1268 1553; x_wconf 74' lang='lat' dir='ltr'>fallacia.</span> <span class='ocrx_word' id='word_1_91' title='bbox 1357 1484 1674 1570; x_wconf 89' lang='lat' dir='ltr'>quoniam</span> <span class='ocrx_word' id='word_1_92' title='bbox 1720 1504 1803 1550; x_wconf 80' lang='lat' dir='ltr'>ex</span> <span class='ocrx_word' id='word_1_93' title='bbox 1847 1484 2526 1567; x_wconf 81' lang='lat' dir='ltr'>argumentationibus</span> <span class='ocrx_word' id='word_1_94' title='bbox 2552 1504 2723 1569; x_wconf 85' lang='lat' dir='ltr'>quae</span> <span class='ocrx_word' id='word_1_95' title='bbox 2748 1484 2971 1568; x_wconf 88' lang='lat' dir='ltr'>aliquo</span> <span class='ocrx_word' id='word_1_96' title='bbox 2998 1482 3202 1550; x_wconf 91' lang='lat' dir='ltr'>modo</span> <span class='ocrx_word' id='word_1_97' title='bbox 3227 1482 3352 1549; x_wconf 81' lang='lat' dir='ltr'>fal-</span> 
     </span>
     <span class='ocr_line' id='line_1_18' title="bbox 884 1595 3351 1682; baseline -0.002 -16"><span class='ocrx_word' id='word_1_98' title='bbox 884 1600 1026 1667; x_wconf 89' lang='lat' dir='ltr'>lunt</span> <span class='ocrx_word' id='word_1_99' title='bbox 1087 1603 1156 1665; x_wconf 91' lang='lat' dir='ltr'>et</span> <span class='ocrx_word' id='word_1_100' title='bbox 1211 1598 1431 1681; x_wconf 89' lang='lat' dir='ltr'>aliquo</span> <span class='ocrx_word' id='word_1_101' title='bbox 1475 1595 1680 1665; x_wconf 91' lang='lat' dir='ltr'>modo</span> <span class='ocrx_word' id='word_1_102' title='bbox 1723 1616 1926 1664; x_wconf 88' lang='lat' dir='ltr'>uerae</span> <span class='ocrx_word' id='word_1_103' title='bbox 1970 1600 2129 1662; x_wconf 90' lang='lat' dir='ltr'>sunt</span> <span class='ocrx_word' id='word_1_104' title='bbox 2171 1601 2271 1663; x_wconf 88' lang='lat' dir='ltr'>est</span> <span class='ocrx_word' id='word_1_105' title='bbox 2316 1597 2797 1679; x_wconf 76' lang='lat' dir='ltr'>argumentatio</span> <span class='ocrx_word' id='word_1_106' title='bbox 2858 1617 3030 1682; x_wconf 88' lang='lat' dir='ltr'>quae</span> <span class='ocrx_word' id='word_1_107' title='bbox 3051 1646 3069 1679; x_wconf 83' lang='lat'>‚</span> <span class='ocrx_word' id='word_1_108' title='bbox 3116 1616 3351 1663; x_wconf 89' lang='lat' dir='ltr'>secun·</span> 
     </span>
     <span class='ocr_line' id='line_1_19' title="bbox 809 1692 3352 1799; baseline 0 -22"><span class='ocrx_word' id='word_1_109' title='bbox 809 1735 862 1777; x_wconf 85' lang='grc' dir='ltr'>ιο</span> <span class='ocrx_word' id='word_1_110' title='bbox 886 1713 1044 1779; x_wconf 89' lang='lat' dir='ltr'>dum</span> <span class='ocrx_word' id='word_1_111' title='bbox 1091 1730 1352 1778; x_wconf 89' lang='lat' dir='ltr'>cursum</span> <span class='ocrx_word' id='word_1_112' title='bbox 1397 1730 1558 1777; x_wconf 87' lang='lat' dir='ltr'>usus</span> <span class='ocrx_word' id='word_1_113' title='bbox 1601 1710 1940 1792; x_wconf 80' lang='lat' dir='ltr'>regularis,</span> <span class='ocrx_word' id='word_1_114' title='bbox 1988 1715 2089 1779; x_wconf 80' lang='lat' dir='ltr'>est</span> <span class='ocrx_word' id='word_1_115' title='bbox 2132 1710 2613 1793; x_wconf 81' lang='lat' dir='ltr'>argumentatio</span> <span class='ocrx_word' id='word_1_116' title='bbox 2657 1711 2741 1778; x_wconf 89' lang='lat' dir='ltr'>de</span> <span class='ocrx_word' id='word_1_117' title='bbox 2764 1714 2959 1799; x_wconf 84' lang='lat' dir='ltr'>parte</span> <span class='ocrx_word' id='word_1_118' title='bbox 3002 1710 3087 1779; x_wconf 87' lang='lat' dir='ltr'>ad</span> <span class='ocrx_word' id='word_1_119' title='bbox 3117 1692 3352 1777; x_wconf 84' lang='lat' dir='ltr'>totum.</span> 
     </span>
     <span class='ocr_line' id='line_1_20' title="bbox 1095 1806 3358 1908; baseline -0 -17"><span class='ocrx_word' id='word_1_120' title='bbox 1095 1824 1278 1891; x_wconf 84' lang='lat' dir='ltr'>Scias</span> <span class='ocrx_word' id='word_1_121' title='bbox 1342 1828 1566 1891; x_wconf 89' lang='lat' dir='ltr'>autem</span> <span class='ocrx_word' id='word_1_122' title='bbox 1631 1824 1810 1908; x_wconf 90' lang='lat' dir='ltr'>quod</span> <span class='ocrx_word' id='word_1_123' title='bbox 1877 1824 2360 1907; x_wconf 85' lang='lat' dir='ltr'>argumentatio</span> <span class='ocrx_word' id='word_1_124' title='bbox 2424 1822 2491 1890; x_wconf 91' lang='lat' dir='ltr'>in</span> <span class='ocrx_word' id='word_1_125' title='bbox 2556 1843 2689 1907; x_wconf 87' lang='lat' dir='ltr'>qua</span> <span class='ocrx_word' id='word_1_126' title='bbox 2750 1806 2887 1890; x_wconf 91' lang='lat' dir='ltr'>non</span> <span class='ocrx_word' id='word_1_127' title='bbox 2949 1824 3126 1891; x_wconf 88' lang='lat' dir='ltr'>cadit</span> <span class='ocrx_word' id='word_1_128' title='bbox 3172 1818 3358 1890; x_wconf 81' lang='lat' dir='ltr'>error</span> 
     </span>
     <span class='ocr_line' id='line_1_21' title="bbox 885 1926 3357 2021; baseline -0.001 -16"><span class='ocrx_word' id='word_1_129' title='bbox 885 1958 1004 2005; x_wconf 89' lang='lat' dir='ltr'>nec</span> <span class='ocrx_word' id='word_1_130' title='bbox 1085 1937 1340 2005; x_wconf 78' lang='lat' dir='ltr'>fallacia</span> <span class='ocrx_word' id='word_1_131' title='bbox 1421 1926 1521 2003; x_wconf 84' lang='lat' dir='ltr'>est</span> <span class='ocrx_word' id='word_1_132' title='bbox 1602 1936 1714 2005; x_wconf 90' lang='lat' dir='ltr'>illa</span> <span class='ocrx_word' id='word_1_133' title='bbox 1776 1938 1844 2003; x_wconf 88' lang='lat' dir='ltr'>in</span> <span class='ocrx_word' id='word_1_134' title='bbox 1909 1937 2095 2003; x_wconf 88' lang='lat' dir='ltr'>cuius</span> <span class='ocrx_word' id='word_1_135' title='bbox 2156 1937 2627 2021; x_wconf 84' lang='lat' dir='ltr'>compositione</span> <span class='ocrx_word' id='word_1_136' title='bbox 2690 1942 2759 2004; x_wconf 95' lang='lat' dir='ltr'>et</span> <span class='ocrx_word' id='word_1_137' title='bbox 2816 1958 2943 2004; x_wconf 87' lang='lat' dir='ltr'>usu</span> <span class='ocrx_word' id='word_1_138' title='bbox 3006 1941 3357 2005; x_wconf 83' lang='lat' dir='ltr'>seruantur</span> 
     </span>
     <span class='ocr_line' id='line_1_22' title="bbox 885 2049 3359 2137; baseline 0 -20"><span class='ocrx_word' id='word_1_139' title='bbox 885 2051 1290 2118; x_wconf 88' lang='lat' dir='ltr'>conditiones</span> <span class='ocrx_word' id='word_1_140' title='bbox 1321 2070 1488 2136; x_wconf 85' lang='lat' dir='ltr'>quas</span> <span class='ocrx_word' id='word_1_141' title='bbox 1515 2050 1851 2135; x_wconf 88' lang='lat' dir='ltr'>praecepit</span> <span class='ocrx_word' id='word_1_142' title='bbox 1877 2049 2351 2118; x_wconf 86' lang='lat' dir='ltr'>Aristoteles</span> <span class='ocrx_word' id='word_1_143' title='bbox 2398 2050 2729 2135; x_wconf 87' lang='lat' dir='ltr'>discipulis</span> <span class='ocrx_word' id='word_1_144' title='bbox 2778 2051 2935 2132; x_wconf 87' lang='lat' dir='ltr'>suis,</span> <span class='ocrx_word' id='word_1_145' title='bbox 2982 2072 3157 2137; x_wconf 89' lang='lat' dir='ltr'>quae</span> <span class='ocrx_word' id='word_1_146' title='bbox 3201 2054 3359 2120; x_wconf 84' lang='lat' dir='ltr'>sunt</span> 
     </span>
     <span class='ocr_line' id='line_1_23' title="bbox 885 2160 3357 2256; baseline -0.001 -25"><span class='ocrx_word' id='word_1_147' title='bbox 885 2164 1083 2231; x_wconf 80' lang='lat' dir='ltr'>baec:</span> <span class='ocrx_word' id='word_1_148' title='bbox 1149 2164 1387 2231; x_wconf 87' lang='lat' dir='ltr'>scilicet</span> <span class='ocrx_word' id='word_1_149' title='bbox 1406 2212 1424 2245; x_wconf 83' lang='lat'><strong>‚</strong></span> <span class='ocrx_word' id='word_1_150' title='bbox 1489 2167 1566 2229; x_wconf 92' lang='lat' dir='ltr'>ut</span> <span class='ocrx_word' id='word_1_151' title='bbox 1629 2162 1724 2256; x_wconf 44' lang='lat' dir='ltr'>in·</span> <span class='ocrx_word' id='word_1_152' title='bbox 1761 2162 1943 2230; x_wconf 89' lang='lat' dir='ltr'>omni</span> <span class='ocrx_word' id='word_1_153' title='bbox 2006 2162 2279 2230; x_wconf 89' lang='lat' dir='ltr'>scientia</span> <span class='ocrx_word' id='word_1_154' title='bbox 2341 2165 2409 2229; x_wconf 98' lang='lat' dir='ltr'>et</span> <span class='ocrx_word' id='word_1_155' title='bbox 2462 2161 2802 2248; x_wconf 89' lang='lat' dir='ltr'>disciplina</span> <span class='ocrx_word' id='word_1_156' title='bbox 2850 2160 3357 2246; x_wconf 85' lang='lat' dir='ltr'>argumentabili</span> 
     </span>
     <span class='ocr_line' id='line_1_24' title="bbox 809 2270 3381 2362; baseline 0.002 -22"><span class='ocrx_word' id='word_1_157' title='bbox 809 2299 860 2341; x_wconf 68' lang='grc' dir='ltr'>ιε</span> <span class='ocrx_word' id='word_1_158' title='bbox 885 2277 1168 2362; x_wconf 87' lang='lat' dir='ltr'>accipias</span> <span class='ocrx_word' id='word_1_159' title='bbox 1229 2272 1398 2344; x_wconf 84' lang='lat' dir='ltr'>duas</span> <span class='ocrx_word' id='word_1_160' title='bbox 1459 2277 1860 2344; x_wconf 89' lang='lat' dir='ltr'>intentiones</span> <span class='ocrx_word' id='word_1_161' title='bbox 1925 2280 2119 2343; x_wconf 88' lang='lat' dir='ltr'>notas</span> <span class='ocrx_word' id='word_1_162' title='bbox 2139 2325 2157 2357; x_wconf 87' lang='lat'>‚</span> <span class='ocrx_word' id='word_1_163' title='bbox 2220 2296 2395 2361; x_wconf 87' lang='lat' dir='ltr'>quae</span> <span class='ocrx_word' id='word_1_164' title='bbox 2454 2281 2607 2343; x_wconf 89' lang='lat' dir='ltr'>sunt</span> <span class='ocrx_word' id='word_1_165' title='bbox 2648 2279 2865 2361; x_wconf 87' lang='lat' dir='ltr'>prima</span> <span class='ocrx_word' id='word_1_166' title='bbox 2910 2270 3381 2361; x_wconf 79' lang='lat' dir='ltr'>intelligibilia‚‘</span> 
     </span>
     <span class='ocr_line' id='line_1_25' title="bbox 885 2388 3358 2475; baseline 0 -18"><span class='ocrx_word' id='word_1_167' title='bbox 885 2390 1128 2457; x_wconf 86' lang='lat' dir='ltr'>scilicet</span> <span class='ocrx_word' id='word_1_168' title='bbox 1189 2410 1274 2456; x_wconf 85' lang='lat' dir='ltr'>an</span> <span class='ocrx_word' id='word_1_169' title='bbox 1333 2394 1436 2457; x_wconf 88' lang='lat' dir='ltr'>est</span> <span class='ocrx_word' id='word_1_170' title='bbox 1481 2394 1550 2457; x_wconf 90' lang='lat' dir='ltr'>et</span> <span class='ocrx_word' id='word_1_171' title='bbox 1593 2390 1752 2474; x_wconf 90' lang='lat' dir='ltr'>quid</span> <span class='ocrx_word' id='word_1_172' title='bbox 1798 2392 1920 2457; x_wconf 80' lang='lat' dir='ltr'>est.</span> <span class='ocrx_word' id='word_1_173' title='bbox 2011 2388 2179 2458; x_wconf 84' lang='lat' dir='ltr'>haec</span> <span class='ocrx_word' id='word_1_174' title='bbox 2222 2392 2447 2457; x_wconf 88' lang='lat' dir='ltr'>autem</span> <span class='ocrx_word' id='word_1_175' title='bbox 2489 2410 2625 2457; x_wconf 90' lang='lat' dir='ltr'>non</span> <span class='ocrx_word' id='word_1_176' title='bbox 2670 2392 3003 2475; x_wconf 86' lang='lat' dir='ltr'>praecepit</span> <span class='ocrx_word' id='word_1_177' title='bbox 3048 2391 3358 2457; x_wconf 86' lang='lat' dir='ltr'>Aristo·</span> 
     </span>
     <span class='ocr_line' id='line_1_26' title="bbox 885 2502 3354 2591; baseline 0 -22"><span class='ocrx_word' id='word_1_178' title='bbox 885 2504 1085 2570; x_wconf 90' lang='lat' dir='ltr'>teles</span> <span class='ocrx_word' id='word_1_179' title='bbox 1137 2502 1262 2569; x_wconf 90' lang='lat' dir='ltr'>nisi</span> <span class='ocrx_word' id='word_1_180' title='bbox 1306 2523 1460 2570; x_wconf 89' lang='lat' dir='ltr'>cum</span> <span class='ocrx_word' id='word_1_181' title='bbox 1503 2523 1642 2570; x_wconf 89' lang='lat' dir='ltr'>non</span> <span class='ocrx_word' id='word_1_182' title='bbox 1684 2508 1788 2569; x_wconf 90' lang='lat' dir='ltr'>est</span> <span class='ocrx_word' id='word_1_183' title='bbox 1831 2502 2143 2587; x_wconf 90' lang='lat' dir='ltr'>possibile</span> <span class='ocrx_word' id='word_1_184' title='bbox 2186 2502 2337 2569; x_wconf 85' lang='lat' dir='ltr'>sciri</span> <span class='ocrx_word' id='word_1_185' title='bbox 2381 2503 2676 2587; x_wconf 89' lang='lat' dir='ltr'>ignotum</span> <span class='ocrx_word' id='word_1_186' title='bbox 2719 2524 2839 2589; x_wconf 91' lang='lat' dir='ltr'>per</span> <span class='ocrx_word' id='word_1_187' title='bbox 2884 2504 3183 2588; x_wconf 89' lang='lat' dir='ltr'>ignotum</span> <span class='ocrx_word' id='word_1_188' title='bbox 3228 2502 3354 2591; x_wconf 88' lang='lat' dir='ltr'>[ei]</span> 
     </span>
     <span class='ocr_line' id='line_1_27' title="bbox 887 2608 3360 2701; baseline 0 -20"><span class='ocrx_word' id='word_1_189' title='bbox 887 2634 1010 2683; x_wconf 82' lang='lat' dir='ltr'>nec</span> <span class='ocrx_word' id='word_1_190' title='bbox 1075 2636 1156 2683; x_wconf 85' lang='lat' dir='ltr'>ex</span> <span class='ocrx_word' id='word_1_191' title='bbox 1216 2616 1440 2699; x_wconf 85' lang='lat' dir='ltr'>ignoto</span> <span class='ocrx_word' id='word_1_192' title='bbox 1500 2608 1722 2701; x_wconf 78' lang='lat' dir='ltr'>potest</span> <span class='ocrx_word' id='word_1_193' title='bbox 1786 2615 2018 2683; x_wconf 88' lang='lat' dir='ltr'>haberi</span> <span class='ocrx_word' id='word_1_194' title='bbox 2079 2620 2332 2682; x_wconf 89' lang='lat' dir='ltr'>notum.</span> <span class='ocrx_word' id='word_1_195' title='bbox 2423 2636 2689 2683; x_wconf 85' lang='lat' dir='ltr'>necesse</span> <span class='ocrx_word' id='word_1_196' title='bbox 2752 2621 2853 2684; x_wconf 87' lang='lat' dir='ltr'>est</span> <span class='ocrx_word' id='word_1_197' title='bbox 2912 2618 3109 2700; x_wconf 90' lang='lat' dir='ltr'>igitur</span> <span class='ocrx_word' id='word_1_198' title='bbox 3152 2617 3360 2701; x_wconf 87' lang='lat' dir='ltr'>accipi</span> 
     </span>
     <span class='ocr_line' id='line_1_28' title="bbox 891 2727 3361 2815; baseline 0 -20"><span class='ocrx_word' id='word_1_199' title='bbox 891 2728 1112 2812; x_wconf 89' lang='lat' dir='ltr'>aliqua</span> <span class='ocrx_word' id='word_1_200' title='bbox 1157 2748 1238 2795; x_wconf 81' lang='lat' dir='ltr'>ex</span> <span class='ocrx_word' id='word_1_201' title='bbox 1281 2727 1384 2794; x_wconf 88' lang='lat' dir='ltr'>his</span> <span class='ocrx_word' id='word_1_202' title='bbox 1427 2748 1601 2812; x_wconf 86' lang='lat' dir='ltr'>quae</span> <span class='ocrx_word' id='word_1_203' title='bbox 1645 2732 1802 2795; x_wconf 88' lang='lat' dir='ltr'>sunt</span> <span class='ocrx_word' id='word_1_204' title='bbox 1845 2733 2009 2796; x_wconf 89' lang='lat' dir='ltr'>nota</span> <span class='ocrx_word' id='word_1_205' title='bbox 2053 2733 2121 2796; x_wconf 91' lang='lat' dir='ltr'>et</span> <span class='ocrx_word' id='word_1_206' title='bbox 2164 2728 2378 2812; x_wconf 89' lang='lat' dir='ltr'>prima</span> <span class='ocrx_word' id='word_1_207' title='bbox 2423 2727 2868 2811; x_wconf 86' lang='lat' dir='ltr'>intelligibilia,</span> <span class='ocrx_word' id='word_1_208' title='bbox 2914 2733 2981 2797; x_wconf 92' lang='lat' dir='ltr'>et</span> <span class='ocrx_word' id='word_1_209' title='bbox 3008 2750 3361 2815; x_wconf 83' lang='lat' dir='ltr'>argumen-</span> 
     </span>
     <span class='ocr_line' id='line_1_29' title="bbox 813 2841 2901 2928; baseline 0.001 -21"><span class='ocrx_word' id='word_1_210' title='bbox 813 2856 869 2899; x_wconf 70' lang='grc' dir='ltr'>ευ</span> <span class='ocrx_word' id='word_1_211' title='bbox 895 2842 1042 2923; x_wconf 82' lang='lat' dir='ltr'>tari,</span> <span class='ocrx_word' id='word_1_212' title='bbox 1087 2846 1156 2908; x_wconf 92' lang='lat' dir='ltr'>et</span> <span class='ocrx_word' id='word_1_213' title='bbox 1199 2862 1280 2909; x_wconf 81' lang='lat' dir='ltr'>ex</span> <span class='ocrx_word' id='word_1_214' title='bbox 1323 2842 1426 2908; x_wconf 87' lang='lat' dir='ltr'>his</span> <span class='ocrx_word' id='word_1_215' title='bbox 1469 2841 1796 2926; x_wconf 86' lang='lat' dir='ltr'>reliquum</span> <span class='ocrx_word' id='word_1_216' title='bbox 1841 2841 2022 2927; x_wconf 90' lang='lat' dir='ltr'>quod</span> <span class='ocrx_word' id='word_1_217' title='bbox 2066 2844 2404 2928; x_wconf 85' lang='lat' dir='ltr'>quaeritur</span> <span class='ocrx_word' id='word_1_218' title='bbox 2447 2843 2901 2911; x_wconf 85' lang='lat' dir='ltr'>demonstrari.</span> 
     </span>
     <span class='ocr_line' id='line_1_30' title="bbox 1107 2956 3366 3039; baseline 0.001 -18"><span class='ocrx_word' id='word_1_219' title='bbox 1107 2956 1320 3039; x_wconf 87' lang='lat' dir='ltr'>prima</span> <span class='ocrx_word' id='word_1_220' title='bbox 1381 2960 1606 3022; x_wconf 90' lang='lat' dir='ltr'>autem</span> <span class='ocrx_word' id='word_1_221' title='bbox 1652 2956 2080 3039; x_wconf 88' lang='lat' dir='ltr'>intelligibilia</span> <span class='ocrx_word' id='word_1_222' title='bbox 2122 2957 2255 3024; x_wconf 88' lang='lat' dir='ltr'>duo</span> <span class='ocrx_word' id='word_1_223' title='bbox 2300 2961 2493 3037; x_wconf 82' lang='lat' dir='ltr'>sunt,</span> <span class='ocrx_word' id='word_1_224' title='bbox 2556 2958 2795 3025; x_wconf 89' lang='lat' dir='ltr'>scilicet</span> <span class='ocrx_word' id='word_1_225' title='bbox 2841 2978 2986 3027; x_wconf 89' lang='lat' dir='ltr'>esse</span> <span class='ocrx_word' id='word_1_226' title='bbox 3028 2978 3246 3025; x_wconf 88' lang='lat' dir='ltr'>rerum</span> <span class='ocrx_word' id='word_1_227' title='bbox 3297 2962 3366 3025; x_wconf 91' lang='lat' dir='ltr'>et</span> 
     </span>
     <span class='ocr_line' id='line_1_31' title="bbox 893 3070 3363 3156; baseline 0.001 -20"><span class='ocrx_word' id='word_1_228' title='bbox 893 3091 1120 3138; x_wconf 87' lang='lat' dir='ltr'>earum</span> <span class='ocrx_word' id='word_1_229' title='bbox 1196 3070 1550 3155; x_wconf 85' lang='lat' dir='ltr'>quidditas.</span> <span class='ocrx_word' id='word_1_230' title='bbox 1661 3090 1808 3137; x_wconf 86' lang='lat' dir='ltr'>esse</span> <span class='ocrx_word' id='word_1_231' title='bbox 1887 3073 2111 3137; x_wconf 90' lang='lat' dir='ltr'>autem</span> <span class='ocrx_word' id='word_1_232' title='bbox 2174 3091 2393 3138; x_wconf 88' lang='lat' dir='ltr'>rerum</span> <span class='ocrx_word' id='word_1_233' title='bbox 2456 3072 2822 3156; x_wconf 85' lang='lat' dir='ltr'>adquiritur</span> <span class='ocrx_word' id='word_1_234' title='bbox 2882 3073 2949 3139; x_wconf 91' lang='lat' dir='ltr'>in</span> <span class='ocrx_word' id='word_1_235' title='bbox 3012 3073 3363 3139; x_wconf 89' lang='lat' dir='ltr'>animabus</span> 
     </span>
     <span class='ocr_line' id='line_1_32' title="bbox 893 3183 3365 3270; baseline 0.001 -21"><span class='ocrx_word' id='word_1_236' title='bbox 893 3184 1253 3251; x_wconf 88' lang='lat' dir='ltr'>ministerio</span> <span class='ocrx_word' id='word_1_237' title='bbox 1297 3203 1631 3250; x_wconf 88' lang='lat' dir='ltr'>sensuum.</span> <span class='ocrx_word' id='word_1_238' title='bbox 1723 3184 1843 3251; x_wconf 85' lang='lat' dir='ltr'>sed</span> <span class='ocrx_word' id='word_1_239' title='bbox 1887 3183 2221 3268; x_wconf 85' lang='lat' dir='ltr'>quidditas</span> <span class='ocrx_word' id='word_1_240' title='bbox 2264 3204 2491 3252; x_wconf 87' lang='lat' dir='ltr'>earum</span> <span class='ocrx_word' id='word_1_241' title='bbox 2537 3186 2905 3270; x_wconf 88' lang='lat' dir='ltr'>adquiritur</span> <span class='ocrx_word' id='word_1_242' title='bbox 2938 3186 3365 3253; x_wconf 87' lang='lat' dir='ltr'>meditatione</span> 
     </span>
     <span class='ocr_line' id='line_1_33' title="bbox 893 3297 3365 3385; baseline 0.002 -22"><span class='ocrx_word' id='word_1_243' title='bbox 893 3302 960 3364; x_wconf 91' lang='lat' dir='ltr'>et</span> <span class='ocrx_word' id='word_1_244' title='bbox 1003 3297 1526 3365; x_wconf 86' lang='lat' dir='ltr'>consideratione</span> <span class='ocrx_word' id='word_1_245' title='bbox 1571 3299 1640 3365; x_wconf 89' lang='lat' dir='ltr'>et</span> <span class='ocrx_word' id='word_1_246' title='bbox 1683 3298 2079 3379; x_wconf 72' lang='lat' dir='ltr'>cogitatione</span> <span class='ocrx_word' id='word_1_247' title='bbox 2100 3348 2117 3377; x_wconf 83' lang='lat'>,</span> <span class='ocrx_word' id='word_1_248' title='bbox 2181 3298 2348 3364; x_wconf 87' lang='lat' dir='ltr'>sicut</span> <span class='ocrx_word' id='word_1_249' title='bbox 2393 3298 2799 3365; x_wconf 86' lang='lat' dir='ltr'>ostendimus</span> <span class='ocrx_word' id='word_1_250' title='bbox 2844 3298 2911 3366; x_wconf 89' lang='lat' dir='ltr'>in</span> <span class='ocrx_word' id='word_1_251' title='bbox 2956 3300 3234 3385; x_wconf 87' lang='lat' dir='ltr'>epistola</span> <span class='ocrx_word' id='word_1_252' title='bbox 3280 3301 3365 3367; x_wconf 89' lang='lat' dir='ltr'>de</span> 
     </span>
    </p>
   </div>
   <div class='ocr_carea' id='block_1_8' title="bbox 677 3410 3366 3494">
    <p class='ocr_par' dir='ltr' id='par_1_8' title="bbox 677 3410 3366 3494">
     <span class='ocr_line' id='line_1_34' title="bbox 677 3410 3366 3494; baseline 0.001 -17"><span class='ocrx_word' id='word_1_253' title='bbox 677 3426 688 3433; x_wconf 86' lang='lat'><strong>·</strong></span> <span class='ocrx_word' id='word_1_254' title='bbox 813 3420 868 3463; x_wconf 76' lang='lat'>2⁵</span> <span class='ocrx_word' id='word_1_255' title='bbox 896 3429 1094 3477; x_wconf 88' lang='lat' dir='ltr'>sensu</span> <span class='ocrx_word' id='word_1_256' title='bbox 1159 3414 1225 3477; x_wconf 90' lang='lat' dir='ltr'>ct</span> <span class='ocrx_word' id='word_1_257' title='bbox 1285 3414 1575 3477; x_wconf 87' lang='lat' dir='ltr'>sensato.</span> <span class='ocrx_word' id='word_1_258' title='bbox 1667 3430 1816 3477; x_wconf 88' lang='lat' dir='ltr'>cum</span> <span class='ocrx_word' id='word_1_259' title='bbox 1883 3414 2107 3478; x_wconf 88' lang='lat' dir='ltr'>autem</span> <span class='ocrx_word' id='word_1_260' title='bbox 2164 3410 2531 3494; x_wconf 81' lang='lat' dir='ltr'>adquiritur</span> <span class='ocrx_word' id='word_1_261' title='bbox 2573 3430 2717 3478; x_wconf 91' lang='lat' dir='ltr'>esse</span> <span class='ocrx_word' id='word_1_262' title='bbox 2761 3431 2980 3479; x_wconf 88' lang='lat' dir='ltr'>rerum</span> <span class='ocrx_word' id='word_1_263' title='bbox 3028 3414 3095 3479; x_wconf 93' lang='lat' dir='ltr'>in</span> <span class='ocrx_word' id='word_1_264' title='bbox 3140 3414 3366 3481; x_wconf 85' lang='lat' dir='ltr'>anima</span> 
     </span>
    </p>
   </div>
   <div class='ocr_carea' id='block_1_9' title="bbox 891 3522 3367 3717">
    <p class='ocr_par' dir='ltr' id='par_1_9' title="bbox 891 3522 3367 3717">
     <span class='ocr_line' id='line_1_35' title="bbox 891 3522 3365 3607; baseline 0.002 -19"><span class='ocrx_word' id='word_1_265' title='bbox 891 3522 1252 3589; x_wconf 89' lang='lat' dir='ltr'>ministerio</span> <span class='ocrx_word' id='word_1_266' title='bbox 1293 3542 1610 3590; x_wconf 85' lang='lat' dir='ltr'>sensuum</span> <span class='ocrx_word' id='word_1_267' title='bbox 1656 3527 1722 3589; x_wconf 91' lang='lat' dir='ltr'>et</span> <span class='ocrx_word' id='word_1_268' title='bbox 1767 3542 1999 3589; x_wconf 88' lang='lat' dir='ltr'>earum</span> <span class='ocrx_word' id='word_1_269' title='bbox 2048 3523 2379 3607; x_wconf 82' lang='lat' dir='ltr'>quidditas</span> <span class='ocrx_word' id='word_1_270' title='bbox 2424 3522 2847 3591; x_wconf 85' lang='lat' dir='ltr'>meditatione</span> <span class='ocrx_word' id='word_1_271' title='bbox 2890 3528 2958 3591; x_wconf 90' lang='lat' dir='ltr'>et</span> <span class='ocrx_word' id='word_1_272' title='bbox 2988 3526 3365 3592; x_wconf 88' lang='lat' dir='ltr'>considera-</span> 
     </span>
     <span class='ocr_line' id='line_1_36' title="bbox 893 3634 3367 3717; baseline 0.001 -17"><span class='ocrx_word' id='word_1_273' title='bbox 893 3635 1099 3715; x_wconf 84' lang='lat' dir='ltr'>tione,</span> <span class='ocrx_word' id='word_1_274' title='bbox 1146 3640 1300 3701; x_wconf 88' lang='lat' dir='ltr'>tunc</span> <span class='ocrx_word' id='word_1_275' title='bbox 1345 3634 1586 3702; x_wconf 86' lang='lat' dir='ltr'>dicitur</span> <span class='ocrx_word' id='word_1_276' title='bbox 1629 3636 1854 3702; x_wconf 87' lang='lat' dir='ltr'>anima</span> <span class='ocrx_word' id='word_1_277' title='bbox 1900 3634 2283 3717; x_wconf 76' lang='lat' dir='ltr'>intelligens,</span> <span class='ocrx_word' id='word_1_278' title='bbox 2376 3635 2495 3703; x_wconf 89' lang='lat' dir='ltr'>sed</span> <span class='ocrx_word' id='word_1_279' title='bbox 2538 3656 2686 3703; x_wconf 89' lang='lat' dir='ltr'>cum</span> <span class='ocrx_word' id='word_1_280' title='bbox 2734 3638 3253 3705; x_wconf 85' lang='lat' dir='ltr'>consideraueris</span> <span class='ocrx_word' id='word_1_281' title='bbox 3298 3641 3367 3704; x_wconf 92' lang='lat' dir='ltr'>et</span> 
     </span>
    </p>
   </div>
   <div class='ocr_carea' id='block_1_10' title="bbox 1095 3912 3364 4001">
    <p class='ocr_par' dir='ltr' id='par_1_10' title="bbox 1095 3912 3364 4001">
     <span class='ocr_line' id='line_1_37' title="bbox 1095 3912 3364 4001; baseline 0.002 -33"><span class='ocrx_word' id='word_1_282' title='bbox 1095 3912 1132 3968; x_wconf 79' lang='lat'>2</span> <span class='ocrx_word' id='word_1_283' title='bbox 1165 3930 1262 3968; x_wconf 76' lang='lat' dir='ltr'>ror</span> <span class='ocrx_word' id='word_1_284' title='bbox 1305 3912 1520 3978; x_wconf 55' lang='lat' dir='ltr'>,Seiam</span> <span class='ocrx_word' id='word_1_285' title='bbox 1579 3912 1886 3983; x_wconf 72' lang='lat' dir='ltr'>capitulum</span> <span class='ocrx_word' id='word_1_286' title='bbox 1933 3912 2007 3969; x_wconf 80' lang='lat' dir='ltr'>de</span> <span class='ocrx_word' id='word_1_287' title='bbox 2050 3914 2393 3970; x_wconf 82' lang='lat' dir='ltr'>ostendendo</span> <span class='ocrx_word' id='word_1_288' title='bbox 2426 3914 2665 3987; x_wconf 81' lang='lat' dir='ltr'>qualiter</span> <span class='ocrx_word' id='word_1_289' title='bbox 2696 3931 2856 4001; x_wconf 74' lang='lat' dir='ltr'>error</span> <span class='ocrx_word' id='word_1_290' title='bbox 2889 3916 3085 3973; x_wconf 72' lang='lat' dir='ltr'>incidit</span> <span class='ocrx_word' id='word_1_291' title='bbox 3118 3916 3179 3975; x_wconf 84' lang='lat' dir='ltr'>in</span> <span class='ocrx_word' id='word_1_292' title='bbox 3215 3916 3364 3974; x_wconf 78' lang='lat' dir='ltr'>sillo-</span> 
     </span>
    </p>
   </div>
   <div class='ocr_carea' id='block_1_11' title="bbox 895 4010 3370 4202">
    <p class='ocr_par' dir='ltr' id='par_1_11' title="bbox 895 4010 3370 4202">
     <span class='ocr_line' id='line_1_38' title="bbox 897 4010 3370 4097; baseline 0.001 -20"><span class='ocrx_word' id='word_1_293' title='bbox 897 4020 1134 4089; x_wconf 78' lang='lat' dir='ltr'>gismum</span> <span class='ocrx_word' id='word_1_294' title='bbox 1171 4024 1227 4076; x_wconf 81' lang='lat' dir='ltr'>et</span> <span class='ocrx_word' id='word_1_295' title='bbox 1259 4035 1372 4091; x_wconf 85' lang='lat' dir='ltr'>qno</span> <span class='ocrx_word' id='word_1_296' title='bbox 1406 4020 1576 4075; x_wconf 77' lang='lat' dir='ltr'>modo</span> <span class='ocrx_word' id='word_1_297' title='bbox 1606 4020 1774 4076; x_wconf 81' lang='lat' dir='ltr'>debet</span> <span class='ocrx_word' id='word_1_298' title='bbox 1805 4020 1974 4077; x_wconf 77' lang='lat' dir='ltr'>uitari</span> <span class='ocrx_word' id='word_1_299' title='bbox 2022 4022 2074 4073; x_wconf 99' lang='lat' dir='ltr'><strong><em>V</em></strong></span> <span class='ocrx_word' id='word_1_300' title='bbox 2234 4021 2331 4093; x_wconf 83' lang='lat' dir='ltr'>qni</span> <span class='ocrx_word' id='word_1_301' title='bbox 2360 4026 2373 4090; x_wconf 89' lang='grc' dir='ltr'>Ι</span> <span class='ocrx_word' id='word_1_302' title='bbox 2400 4010 2455 4095; x_wconf 64' lang='grc' dir='ltr'><em>ξ</em></span> <span class='ocrx_word' id='word_1_303' title='bbox 2476 4022 2533 4077; x_wconf 94' lang='lat' dir='ltr'><strong><em>N</em></strong></span> <span class='ocrx_word' id='word_1_304' title='bbox 2664 4024 2697 4079; x_wconf 79' lang='lat'>&#39;1</span> <span class='ocrx_word' id='word_1_305' title='bbox 2732 4024 3183 4095; x_wconf 77' lang='lat' dir='ltr'>praetermittas!</span> <span class='ocrx_word' id='word_1_306' title='bbox 3210 4042 3370 4097; x_wconf 77' lang='lat' dir='ltr'>prae·</span> 
     </span>
     <span class='ocr_line' id='line_1_39' title="bbox 895 4110 3367 4202; baseline 0.002 -35"><span class='ocrx_word' id='word_1_307' title='bbox 895 4112 1066 4167; x_wconf 83' lang='lat' dir='ltr'>mittit</span> <span class='ocrx_word' id='word_1_308' title='bbox 1103 4112 1159 4167; x_wconf 88' lang='lat' dir='ltr'><strong><em>N</em></strong></span> <span class='ocrx_word' id='word_1_309' title='bbox 1191 4110 1497 4183; x_wconf 76' lang='lat' dir='ltr'>praemittit</span> <span class='ocrx_word' id='word_1_310' title='bbox 1527 4112 1824 4181; x_wconf 61' lang='lat' dir='ltr'>core-iata!</span> <span class='ocrx_word' id='word_1_311' title='bbox 1857 4114 1918 4167; x_wconf 76' lang='lat' dir='ltr'>e&#39;n</span> <span class='ocrx_word' id='word_1_312' title='bbox 1954 4112 2399 4183; x_wconf 76' lang='lat' dir='ltr'>,praetermittas‘</span> <span class='ocrx_word' id='word_1_313' title='bbox 2448 4114 2500 4165; x_wconf 99' lang='lat' dir='ltr'><strong><em>V</em></strong></span> <span class='ocrx_word' id='word_1_314' title='bbox 2663 4116 2729 4169; x_wconf 77' lang='lat'>12</span> <span class='ocrx_word' id='word_1_315' title='bbox 2762 4132 2867 4171; x_wconf 80' lang='lat' dir='ltr'>usu</span> <span class='ocrx_word' id='word_1_316' title='bbox 2895 4116 2909 4186; x_wconf 93' lang='grc' dir='ltr'>Ι</span> <span class='ocrx_word' id='word_1_317' title='bbox 2936 4132 3073 4202; x_wconf 55' lang='lat' dir='ltr'>usu?</span> <span class='ocrx_word' id='word_1_318' title='bbox 3120 4118 3232 4173; x_wconf 87' lang='lat' dir='ltr'><strong><em>VN</em></strong></span> <span class='ocrx_word' id='word_1_319' title='bbox 3275 4119 3367 4185; x_wconf 67' lang='lat' dir='ltr'>(tn</span> 
     </span>
    </p>
   </div>
   <div class='ocr_carea' id='block_1_12' title="bbox 895 4216 3376 4679">
    <p class='ocr_par' dir='ltr' id='par_1_12' title="bbox 895 4216 3376 4679">
     <span class='ocr_line' id='line_1_40' title="bbox 899 4216 3370 4293; baseline 0.004 -20"><span class='ocrx_word' id='word_1_320' title='bbox 899 4218 956 4273; x_wconf 89' lang='lat' dir='ltr'><strong><em>N</em></strong></span> <span class='ocrx_word' id='word_1_321' title='bbox 987 4220 1086 4275; x_wconf 72' lang='lat' dir='ltr'>leat</span> <span class='ocrx_word' id='word_1_322' title='bbox 1116 4222 1236 4275; x_wconf 62' lang='lat' dir='ltr'>eine</span> <span class='ocrx_word' id='word_1_323' title='bbox 1263 4224 1480 4290; x_wconf 65' lang='lat' dir='ltr'>apaten</span> <span class='ocrx_word' id='word_1_324' title='bbox 1501 4218 1679 4275; x_wconf 71' lang='lat' dir='ltr'>Hand</span> <span class='ocrx_word' id='word_1_325' title='bbox 1709 4220 1815 4275; x_wconf 70' lang='lat' dir='ltr'>das</span> <span class='ocrx_word' id='word_1_326' title='bbox 1843 4236 1873 4275; x_wconf 78' lang='grc' dir='ltr'>ι</span> <span class='ocrx_word' id='word_1_327' title='bbox 1905 4220 2345 4290; x_wconf 53' lang='lat' dir='ltr'>dardunaco»)</span> <span class='ocrx_word' id='word_1_328' title='bbox 2448 4220 2512 4276; x_wconf 75' lang='lat'>¹8</span> <span class='ocrx_word' id='word_1_329' title='bbox 2542 4216 2888 4279; x_wconf 70' lang='lat' dir='ltr'>conditiones</span> <span class='ocrx_word' id='word_1_330' title='bbox 2914 4226 2927 4291; x_wconf 85' lang='grc' dir='ltr'>Ι</span> <span class='ocrx_word' id='word_1_331' title='bbox 2954 4230 3024 4281; x_wconf 75' lang='lat' dir='ltr'>eti</span> <span class='ocrx_word' id='word_1_332' title='bbox 3054 4224 3115 4281; x_wconf 66' lang='lat' dir='ltr'>dt</span> <span class='ocrx_word' id='word_1_333' title='bbox 3149 4230 3231 4293; x_wconf 73' lang='grc' dir='ltr'>δι,</span> <span class='ocrx_word' id='word_1_334' title='bbox 3264 4244 3370 4282; x_wconf 74' lang='grc' dir='ltr'>ωσι</span> 
     </span>
     <span class='ocr_line' id='line_1_41' title="bbox 895 4310 3373 4386; baseline 0.004 -22"><span class='ocrx_word' id='word_1_335' title='bbox 895 4314 1144 4381; x_wconf 62' lang='lat' dir='ltr'>emmer</span> <span class='ocrx_word' id='word_1_336' title='bbox 1161 4310 1332 4365; x_wconf 74' lang='lat' dir='ltr'>Hand</span> <span class='ocrx_word' id='word_1_337' title='bbox 1353 4310 1485 4365; x_wconf 66' lang='lat' dir='ltr'>uber</span> <span class='ocrx_word' id='word_1_338' title='bbox 1503 4310 1605 4366; x_wconf 72' lang='lat' dir='ltr'>der</span> <span class='ocrx_word' id='word_1_339' title='bbox 1619 4310 1775 4367; x_wconf 67' lang='lat' dir='ltr'>Zeita</span> <span class='ocrx_word' id='word_1_340' title='bbox 1795 4312 2089 4381; x_wconf 63' lang='lat' dir='ltr'>eon-rife&#39;en</span> <span class='ocrx_word' id='word_1_341' title='bbox 2114 4314 2173 4365; x_wconf 66' lang='lat' dir='ltr'>cu</span> <span class='ocrx_word' id='word_1_342' title='bbox 2196 4310 2573 4377; x_wconf 71' lang='lat' dir='ltr'>,conditiones‘</span> <span class='ocrx_word' id='word_1_343' title='bbox 2590 4312 2654 4367; x_wconf 89' lang='lat' dir='ltr'><strong><em>N</em></strong></span> <span class='ocrx_word' id='word_1_344' title='bbox 2800 4313 3129 4373; x_wconf 76' lang='lat' dir='ltr'>Aristotele·</span> <span class='ocrx_word' id='word_1_345' title='bbox 3154 4318 3169 4385; x_wconf 84' lang='grc'>1</span> <span class='ocrx_word' id='word_1_346' title='bbox 3196 4334 3373 4386; x_wconf 73' lang='lat' dir='ltr'>arses.</span> 
     </span>
     <span class='ocr_line' id='line_1_42' title="bbox 903 4400 3373 4482; baseline 0.004 -29"><span class='ocrx_word' id='word_1_347' title='bbox 903 4400 1034 4456; x_wconf 73' lang='lat' dir='ltr'>uber</span> <span class='ocrx_word' id='word_1_348' title='bbox 1063 4401 1165 4456; x_wconf 70' lang='lat' dir='ltr'>deo·</span> <span class='ocrx_word' id='word_1_349' title='bbox 1189 4400 1338 4457; x_wconf 61' lang='lat' dir='ltr'>Zeila</span> <span class='ocrx_word' id='word_1_350' title='bbox 1369 4418 1471 4457; x_wconf 76' lang='lat' dir='ltr'>ron</span> <span class='ocrx_word' id='word_1_351' title='bbox 1506 4402 1780 4457; x_wconf 67' lang='lat' dir='ltr'>den-cethea</span> <span class='ocrx_word' id='word_1_352' title='bbox 1813 4406 2068 4473; x_wconf 57' lang='lat' dir='ltr'>aym-ren</span> <span class='ocrx_word' id='word_1_353' title='bbox 2096 4402 2269 4457; x_wconf 74' lang='lat' dir='ltr'>Hand</span> <span class='ocrx_word' id='word_1_354' title='bbox 2288 4401 2643 4469; x_wconf 70' lang='lat' dir='ltr'>,Aristoteles‘</span> <span class='ocrx_word' id='word_1_355' title='bbox 2671 4412 2871 4474; x_wconf 64' lang='lat' dir='ltr'>necem</span> <span class='ocrx_word' id='word_1_356' title='bbox 2974 4408 3039 4465; x_wconf 80' lang='lat'>1&#39;1</span> <span class='ocrx_word' id='word_1_357' title='bbox 3071 4408 3167 4482; x_wconf 71' lang='lat' dir='ltr'>lei]</span> <span class='ocrx_word' id='word_1_358' title='bbox 3195 4407 3209 4477; x_wconf 94' lang='grc' dir='ltr'>Ι</span> <span class='ocrx_word' id='word_1_359' title='bbox 3232 4410 3373 4479; x_wconf 61' lang='lat' dir='ltr'>tebit</span> 
     </span>
     <span class='ocr_line' id='line_1_43' title="bbox 912 4489 3376 4582; baseline 0.005 -36"><span class='ocrx_word' id='word_1_360' title='bbox 912 4490 964 4546; x_wconf 92' lang='lat' dir='ltr'><strong><em>V</em></strong></span> <span class='ocrx_word' id='word_1_361' title='bbox 1108 4494 1324 4549; x_wconf 73' lang='grc'><strong>·18-19</strong></span> <span class='ocrx_word' id='word_1_362' title='bbox 1377 4492 1554 4565; x_wconf 78' lang='lat' dir='ltr'>accipi</span> <span class='ocrx_word' id='word_1_363' title='bbox 1613 4492 1806 4565; x_wconf 76' lang='lat' dir='ltr'>aliqua</span> <span class='ocrx_word' id='word_1_364' title='bbox 1833 4496 1848 4562; x_wconf 73' lang='grc' dir='ltr'>Ι</span> <span class='ocrx_word' id='word_1_365' title='bbox 1873 4494 2065 4565; x_wconf 76' lang='lat' dir='ltr'>aliqua</span> <span class='ocrx_word' id='word_1_366' title='bbox 2112 4493 2200 4582; x_wconf 62' lang='lat' dir='ltr'>liri</span> <span class='ocrx_word' id='word_1_367' title='bbox 2244 4494 2418 4567; x_wconf 77' lang='lat' dir='ltr'>accipi</span> <span class='ocrx_word' id='word_1_368' title='bbox 2458 4494 2519 4551; x_wconf 92' lang='lat' dir='ltr'><strong><em>N</em></strong></span> <span class='ocrx_word' id='word_1_369' title='bbox 2562 4489 2569 4497; x_wconf 80' lang='grc'><strong><em>’</em></strong></span> <span class='ocrx_word' id='word_1_370' title='bbox 2645 4496 2717 4551; x_wconf 67' lang='lat' dir='ltr'><strong>m</strong></span> <span class='ocrx_word' id='word_1_371' title='bbox 2746 4498 3035 4570; x_wconf 78' lang='lat' dir='ltr'>quaeritur</span> <span class='ocrx_word' id='word_1_372' title='bbox 3060 4500 3075 4567; x_wconf 86' lang='grc' dir='ltr'>Ι</span> <span class='ocrx_word' id='word_1_373' title='bbox 3102 4514 3279 4572; x_wconf 74' lang='lat' dir='ltr'>quare</span> <span class='ocrx_word' id='word_1_374' title='bbox 3312 4500 3376 4557; x_wconf 86' lang='lat' dir='ltr'><strong><em>N</em></strong></span> 
     </span>
     <span class='ocr_line' id='line_1_44' title="bbox 901 4598 3347 4679; baseline 0.004 -24"><span class='ocrx_word' id='word_1_375' title='bbox 901 4598 966 4655; x_wconf 74' lang='lat'>21</span> <span class='ocrx_word' id='word_1_376' title='bbox 1001 4604 1134 4657; x_wconf 73' lang='lat' dir='ltr'>sunt</span> <span class='ocrx_word' id='word_1_377' title='bbox 1157 4608 1172 4657; x_wconf 77' lang='lat'>1</span> <span class='ocrx_word' id='word_1_378' title='bbox 1196 4601 1333 4670; x_wconf 71' lang='lat' dir='ltr'>teme</span> <span class='ocrx_word' id='word_1_379' title='bbox 1369 4600 1426 4655; x_wconf 96' lang='lat' dir='ltr'><strong><em>N</em></strong></span> <span class='ocrx_word' id='word_1_380' title='bbox 1611 4602 1684 4657; x_wconf 62' lang='grc' dir='ltr'><strong><em>Ἠ</em></strong></span> <span class='ocrx_word' id='word_1_381' title='bbox 1716 4602 2002 4673; x_wconf 77' lang='lat' dir='ltr'>quidditas</span> <span class='ocrx_word' id='word_1_382' title='bbox 2028 4602 2043 4670; x_wconf 76' lang='grc' dir='ltr'>Ι</span> <span class='ocrx_word' id='word_1_383' title='bbox 2067 4600 2311 4673; x_wconf 77' lang='lat' dir='ltr'>quiditns</span> <span class='ocrx_word' id='word_1_384' title='bbox 2346 4602 2465 4657; x_wconf 90' lang='lat' dir='ltr'><strong><em>NV</em></strong></span> <span class='ocrx_word' id='word_1_385' title='bbox 2492 4606 2687 4659; x_wconf 62' lang='lat' dir='ltr'>{muer</span> <span class='ocrx_word' id='word_1_386' title='bbox 2866 4606 2937 4662; x_wconf 74' lang='lat'>2⁴</span> <span class='ocrx_word' id='word_1_387' title='bbox 2968 4604 3347 4679; x_wconf 70' lang='lat' dir='ltr'>cogitatione!</span> 
     </span>
    </p>
   </div>
   <div class='ocr_carea' id='block_1_13' title="bbox 899 4690 3374 4836">
    <p class='ocr_par' dir='ltr' id='par_1_13' title="bbox 899 4690 3374 4836">
     <span class='ocr_line' id='line_1_45' title="bbox 899 4690 3374 4834; baseline 0.004 -89"><span class='ocrx_word' id='word_1_388' title='bbox 899 4690 1217 4834; x_wconf 51' lang='lat' dir='ltr'>zognitiono</span> <span class='ocrx_word' id='word_1_389' title='bbox 1251 4690 1369 4747; x_wconf 89' lang='lat' dir='ltr'><strong><em>NV</em></strong></span> <span class='ocrx_word' id='word_1_390' title='bbox 1527 4690 1586 4748; x_wconf 83' lang='lat' dir='ltr'>in</span> <span class='ocrx_word' id='word_1_391' title='bbox 1615 4692 1630 4763; x_wconf 81' lang='grc' dir='ltr'>Ι</span> <span class='ocrx_word' id='word_1_392' title='bbox 1654 4694 1794 4763; x_wconf 68' lang='lat' dir='ltr'>telae</span> <span class='ocrx_word' id='word_1_393' title='bbox 1827 4692 1890 4748; x_wconf 93' lang='lat' dir='ltr'><strong><em>N</em></strong></span> <span class='ocrx_word' id='word_1_394' title='bbox 2042 4692 2113 4747; x_wconf 64' lang='lat' dir='ltr'>m</span> <span class='ocrx_word' id='word_1_395' title='bbox 2144 4708 2329 4749; x_wconf 85' lang='lat' dir='ltr'>rerum</span> <span class='ocrx_word' id='word_1_396' title='bbox 2355 4693 2370 4764; x_wconf 83' lang='grc' dir='ltr'>Ι</span> <span class='ocrx_word' id='word_1_397' title='bbox 2400 4700 2526 4751; x_wconf 72' lang='lat' dir='ltr'>utru</span> <span class='ocrx_word' id='word_1_398' title='bbox 2563 4695 2624 4750; x_wconf 90' lang='lat' dir='ltr'><strong><em>N</em></strong></span> <span class='ocrx_word' id='word_1_399' title='bbox 2784 4696 2853 4753; x_wconf 74' lang='lat'>2⁷</span> <span class='ocrx_word' id='word_1_400' title='bbox 2888 4697 3203 4769; x_wconf 73' lang='lat' dir='ltr'>lntelligens</span> <span class='ocrx_word' id='word_1_401' title='bbox 3228 4698 3244 4767; x_wconf 89' lang='grc' dir='ltr'>Ι</span> <span class='ocrx_word' id='word_1_402' title='bbox 3270 4717 3374 4755; x_wconf 64' lang='lat' dir='ltr'>un·</span> 
     </span>
     <span class='ocr_line' id='line_1_46' title="bbox 955 4782 1564 4836; baseline 0.003 0"><span class='ocrx_word' id='word_1_403' title='bbox 955 4796 1030 4836; x_wconf 70' lang='lat' dir='ltr'>m·</span> <span class='ocrx_word' id='word_1_404' title='bbox 1073 4782 1126 4836; x_wconf 83' lang='lat' dir='ltr'><strong><em>V</em></strong></span> <span class='ocrx_word' id='word_1_405' title='bbox 1183 4822 1192 4829; x_wconf 89' lang='lat'><strong><em>.</em></strong></span> <span class='ocrx_word' id='word_1_406' title='bbox 1555 4798 1564 4807; x_wconf 87' lang='lat'><strong>·</strong></span> 
     </span>
    </p>
   </div>
  </div>
 </body>
</html>
