3867 5384
971 464 1138 523 ma
1169 466 1604 525 tum-damu·
1639 466 1702 524 ιι
1735 472 1913 523 ,ηα-
1950 425 2167 539 lotia·
2196 468 2709 527 emon-nnuma.
3006 469 3087 525 ω

819 602 1004 669 Scias
1051 602 1254 671 etiam
1299 600 1484 687 quod
1525 602 1920 687 plerumque
1962 622 2151 669 error
2192 604 2430 672 accidit
2452 604 3083 673 considerationibus

605 716 1072 783 certitudinum
1121 732 1342 783 rerum
1391 716 1800 782 sensibilium
1821 764 1838 795 ,
1895 736 2047 783 cum
2096 716 2525 785 iudicauerint
2564 718 2649 786 de
2690 718 3083 807 certitudine

603 848 834 897 earum
895 848 1032 896 uno
1095 847 1318 895 sensu.
1409 828 1596 897 uerbi
1659 828 1916 915 gratia,
1978 828 2151 897 sicut
2210 830 2325 914 qui
2370 830 2551 899 uidet
2590 832 2845 912 ναι-(ὼ,
2906 834 2977 899 et
3018 832 3081 897 si

601 942 776 1011 bene
836 942 1247 1021 considerat,
1308 945 1508 1027 putat
1571 962 1720 1009 esse
1761 944 2003 1025 dogna
2064 946 2133 1010 et
2190 944 2485 1011 flumina.
2572 944 2689 1011 sed
2740 944 2845 1012 hic
2894 964 3081 1013 error

604 1076 742 1125 non
785 1056 1116 1125 subintrat
1159 1054 1226 1123 in
1273 1075 1462 1137 eum.
1507 1054 1634 1123 nisi
1677 1056 1794 1141 qui
1841 1055 2163 1124 iudicauit
2202 1055 2289 1123 de
2332 1058 2717 1125 certitudine
2760 1056 2899 1125 eius
2940 1078 3077 1125 uno
3136 1082 3171 1123 s

601 1190 825 1239 sensu.
913 1188 1052 1237 non
1116 1168 1294 1235 enim
1357 1168 1776 1251 cognoscitur
1837 1148 2165 1237 certitudo
2226 1170 2441 1237 omnis
2503 1168 2597 1237 rei
2664 1190 2799 1237 uno
2840 1190 3077 1250 sensu3

603 1282 852 1351 scilicet
868 1332 887 1363 ‚
951 1281 1266 1367 quoniam
1329 1301 1568 1349 sensus
1629 1282 1816 1349 uisus
1875 1302 2013 1349 non
2072 1282 2507 1368 apprehendit
2550 1282 2675 1349 nisi
2716 1283 2967 1351 colores
3008 1288 3081 1349 et

607 1398 874 1479 figuras.
965 1394 1292 1462 certitudo
1355 1414 1520 1463 uero
1581 1414 1800 1481 aquae
1861 1414 1997 1462 non
2050 1396 2467 1477 cognoscitur
2508 1396 2721 1464 colore
2764 1400 2834 1463 et
2874 1400 3079 1475 tactu,

605 1508 724 1577 sed
789 1512 1006 1591 gustu.
1095 1508 1386 1593 plurium
1451 1508 1655 1577 etiam
1717 1528 2069 1593 corporum
2132 1508 2529 1593 liquidorum
2588 1509 2771 1577 color
2821 1508 3083 1576 uidetur

607 1642 754 1689 esse
815 1621 996 1689 color
1055 1640 1312 1706 aquae,
1375 1622 1546 1689 sicut
1607 1626 1872 1689 acetum
1933 1622 2361 1689 sublimatum
2422 1624 2491 1689 et
2550 1625 2789 1707 neptae
2848 1622 3073 1689 album
3104 1646 3163 1687 ιο

609 1734 1036 1801 sublimatum
1083 1738 1152 1802 et
1195 1734 1328 1802 alia
1373 1732 1772 1823 huiusmodi.

823 1846 1008 1915 Scias
1069 1848 1270 1915 etiam
1335 1846 1518 1932 quod
1583 1846 2107 1931 unumquodque
2170 1866 2379 1932 genus
2439 1848 2835 1917 sensibilium
2878 1848 3083 1915 habet

607 1962 987 2048 proprium,
1053 1980 1190 2046 quo
1253 1962 1672 2045 cognoscitur
1733 1960 2061 2029 certitudo
2106 1960 2277 2029 illius
2319 1962 2593 2045 generis.
2682 1963 2849 2029 sicut
2892 1962 3083 2029 diffe-

607 2076 820 2143 rentia
865 2074 1280 2161 quorundam
1329 2074 1730 2159 liquidorum
1775 2094 2129 2159 corporum
2174 2074 2573 2157 dignoscitur
2596 2078 2775 2143 tactu
2820 2078 2887 2141 et
2910 2094 3081 2159 quo-

607 2189 888 2257 rundam
934 2188 1302 2255 differentia
1347 2188 1753 2271 dignoscitur
1793 2191 2016 2272 mista,
2078 2188 2199 2255 sed
2243 2187 2495 2256 colores
2536 2209 2761 2255 eorum
2808 2188 3073 2269 dignos-
3104 2210 3158 2253 ιε

610 2304 848 2369 cuntur
910 2301 1078 2369 uisu.
1171 2300 1350 2368 unde
1393 2320 1531 2367 non
1575 2304 1840 2386 oportet
1883 2301 2442 2369 consideratorem
2488 2300 2771 2369 iudicare
2812 2301 2896 2368 de
2940 2320 3082 2367 eer-

611 2415 891 2482 titudine
953 2414 1326 2499 aliquorum
1381 2414 1788 2481 sensibilium
1865 2414 1993 2481 nisi
2054 2434 2175 2499 per
2236 2434 2503 2481 sensum
2546 2414 2725 2482 illum
2770 2413 2884 2499 qui
2926 2434 3080 2500 pro-

610 2528 794 2613 prius
840 2533 940 2595 est
983 2528 1072 2595 ad
1136 2529 1666 2611 cognoscendum
1713 2527 2169 2595 certitudinem
2214 2528 2469 2610 generis
2512 2528 2769 2594 illorum
2812 2526 3079 2595 sensibi-

609 2642 792 2721 lium,
838 2642 1006 2707 sicut
1049 2641 1460 2707 ostendimus
1505 2642 1574 2708 in
1619 2640 1900 2726 epistola
1942 2640 2029 2708 de
2074 2660 2275 2707 sensu
2318 2644 2385 2708 et
2428 2644 2709 2711 semato.
2800 2700 2811 2707 .

826 2754 1205 2821 Redeamus
1251 2754 1448 2838 igitur
1491 2754 1578 2821 ad
1625 2753 1692 2820 id
1739 2754 1810 2819 in
1852 2774 1989 2839 quo
2034 2772 2319 2823 eramus.
3106 2776 3167 2819 ω

827 2867 1021 2948 Quod
1085 2867 1264 2934 enim
1327 2867 1493 2933 dixit
1537 2865 2015 2959 Aristoteles
2066 2868 2307 2935 debere
2352 2868 2506 2952 poni
2550 2868 2615 2935 in
2658 2870 3081 2949 argumenta-

615 2982 794 3049 tione
839 2981 1364 3049 demonstratiua
1409 2980 1698 3065 primum
1743 3000 1886 3049 rem
1907 3030 1926 3059 ,
1982 2982 2169 3048 cuius
2212 2982 2428 3048 anitas
2471 2984 2540 3047 et
2578 2974 2909 3065 quidditas
2950 2978 3083 3046 sint

613 3098 776 3160 nota
795 3143 813 3174 ,
877 3097 952 3161 ut
1013 3114 1134 3179 per
1196 3114 1346 3161 eam
1413 3094 1662 3161 sciatur
1704 3093 1885 3161 aliud
1905 3143 1924 3174 ,
1990 3097 2093 3161 est
2133 3093 2302 3160 sicut
2344 3092 2470 3161 hoc
2512 3093 2685 3179 quod
2732 3092 2884 3159 facit
2925 3110 3083 3175 geo-
3196 3102 3205 3109 ’

615 3228 824 3291 meter
885 3244 1038 3291 cum
1099 3224 1288 3309 ponit
1341 3224 1586 3289 lineam
1621 3204 1725 3289 ab
1769 3226 1836 3289 et
1881 3225 2115 3306 postea
2162 3222 2316 3289 facit
2358 3242 2556 3307 super
2598 3244 2743 3289 eam
2788 3222 3081 3303 triangu-

612 3338 752 3404 lum
815 3337 1328 3421 aequilaterum,
1393 3336 1500 3402 uel
1565 3334 1802 3401 diuidit
1845 3354 1994 3401 eam
2044 3336 2113 3401 in
2156 3334 2290 3401 duo
2336 3336 2671 3419 aequalia,
2734 3338 2853 3401 aut
2893 3334 3081 3420 ponit
3106 3354 3166 3397 a

613 3470 812 3533 super
845 3470 994 3517 eam
1021 3448 1220 3515 aliam
1250 3448 1887 3533 perpendicularem,
1936 3448 2041 3513 uel
2070 3448 2224 3513 facit
2248 3468 2447 3531 super
2474 3468 2619 3517 eam
2646 3448 2846 3515 alium
2873 3466 3081 3530 angu-

614 3563 774 3641 lum,
821 3566 888 3628 et
931 3565 1169 3641 cetera,
1215 3580 1390 3645 quae
1435 3560 1744 3627 dicuntur
1789 3560 1856 3626 in
1901 3560 2070 3627 libro
2108 3559 2452 3639 Euclidis
2480 3565 2564 3628 ·et
2604 3560 2671 3627 in
2716 3560 2859 3628 aliis
2902 3560 3083 3627 libris

613 3690 1030 3775 geometriae.
1095 3690 1288 3774 igitur
1331 3695 1568 3758 notum
1613 3710 1704 3758 an
1749 3693 1850 3756 est
1893 3695 1965 3757 et
2006 3690 2167 3774 quid
2212 3694 2313 3757 est
2341 3690 2579 3759 lineam
2622 3670 2732 3772 ab,
2776 3696 2845 3758 et
2876 3710 3083 3776 quae-

613 3806 814 3870 situm
861 3804 1176 3886 ignotum,
1221 3806 1299 3869 ut
1342 3804 1512 3870 sciat
1553 3804 1660 3871 uel
1709 3804 1926 3883 saciat,
1976 3804 2042 3871 id
2086 3806 2189 3870 est
2236 3804 2626 3886 triangulum
2672 3804 2777 3871 uel
2814 3803 3080 3889 aliquod

616 3916 917 3983 aliorum.
1007 3917 1102 3983 sic
1163 3920 1429 4001 oportet
1491 3916 1692 3985 etiam
1757 3916 1898 3984 lieri
1954 3916 2023 3983 in
2066 3918 2631 3998 argumentatione
2672 3917 3083 3985 demonstra·
3106 3936 3165 3977 ω

619 4030 787 4109 tina,
833 4033 908 4095 ut
949 4026 1238 4113 primum
1281 4030 1694 4116 accipiantur
1737 4029 1983 4115 aliqua,
2030 4048 2204 4115 quae
2248 4028 2379 4097 sint
2422 4036 2579 4097 nota
2624 4028 2851 4115 primis
2894 4028 3083 4096 intel-

616 4142 892 4210 lectibus
955 4146 1024 4210 et
1085 4148 1571 4228 componantur
1631 4142 1727 4210 sic
1787 4149 1863 4211 ut
1927 4142 2363 4228 adquiruntur
2422 4162 2541 4227 per
2599 4162 2680 4211 ea
2740 4161 2847 4209 res
2898 4142 3083 4223 igno-

817 4412 854 4467 2
887 4409 1296 4479 iudicauerint!
1323 4409 1655 4484 indicauerit
1716 4409 1768 4465 V
1929 4408 1968 4465 8
2000 4408 2205 4465 uarab
2232 4409 2245 4476 Ι
2272 4408 2473 4465 scant»
2520 4408 2571 4467 V
2596 4425 2633 4464 a
2662 4407 2897 4465 canibus
2928 4408 2989 4477 (Ξ)
3022 4405 3085 4463 11

625 4506 688 4563 14
720 4503 1058 4575 liquidorum
1111 4518 1407 4573 corporum
1435 4504 1770 4574 [corporum
1805 4498 2145 4572 liquidorum
2191 4500 2242 4553 V
2402 4497 2736 4571 dioenoecltur
2762 4500 2776 4569 Ι
2802 4498 3082 4569 moccl-

620 4602 716 4653 tur
751 4594 810 4649 Ν
961 4594 1026 4649 15
1057 4592 1155 4649 sed
1181 4594 1196 4663 Ι
1221 4592 1435 4649 scilicet
1465 4590 1524 4646 N
1557 4592 2065 4649 considerationem
2101 4590 2162 4645 Ν
2288 4590 2360 4646 22
2390 4588 2505 4647 nint
2530 4596 2544 4655 Ι
2568 4590 2644 4646 sit
2676 4588 2735 4645 N
2862 4589 2933 4646 28
2964 4604 3083 4661 por·

619 4682 1030 4757 pendicularem
1056 4684 1074 4753 Ι
1099 4688 1193 4756 pte
1225 4682 1476 4739 diculus
1511 4681 1576 4737 N
1701 4683 1774 4739 28
1803 4681 1939 4754 qaid
1968 4682 1983 4751 Ι
2008 4698 2047 4754 q
2082 4680 2146 4737 N
2240 4680 2310 4735 m
2342 4678 2399 4737 id
2426 4680 2441 4748 Ι
2466 4674 2574 4737 1⁴2³
2622 4678 2737 4768 illd·
2782 4680 2835 4735 Υ
