3867 5384
877 518 1046 581 ms«
1077 518 1514 581 ιηιωεια-ιοήω
1547 518 1609 579 ιιι
1641 522 1822 577 ηια-
1853 516 2069 593 logie-0
2096 474 2609 579 menneo-1..
2908 516 2982 577 ιο

505 664 608 729 est
669 680 890 743 agens.
981 680 1132 727 cum
1195 662 1420 726 sutem
1463 678 1539 725 se
1581 658 1993 725 exemerint
2034 658 2099 725 in
2142 656 2433 725 scientiis
2474 656 2757 738 diuinis,
2820 660 2981 725 tunc

505 777 736 840 notum
783 776 855 841 fit
900 772 995 841 eis
1040 770 1218 859 quod
1263 790 1372 839 res
1415 792 1454 839 e
1497 770 1828 839 contrario
1871 774 2015 849 est,
2056 770 2227 837 sicut
2270 770 2683 839 ostendimus
2726 770 2795 837 in
2838 770 2985 914 ²¹³3·-

503 886 690 953 stolis
731 886 992 953 diuinis.
2162 913 2169 921 ·

718 1000 904 1068 Scias
947 1002 1172 1067 autem
1217 995 1400 1083 quod
1443 996 1644 1064 homo
1689 1016 1826 1064 non
1871 996 2162 1065 aseendit
2206 996 2534 1081 gradatim
2571 996 2661 1064 ad
2690 948 2977 1081 aliquem

505 1114 804 1181 ordinem
873 1112 1289 1181 scientiarum
1331 1116 1422 1184 et
1481 1110 1955 1193 cogitationum
2014 1108 2139 1179 nisi
2200 1110 2361 1195 quia
2404 1113 2733 1194 apparent
2772 1110 2835 1176 ei
2878 1130 2978 1192 en,
3030 1139 3061 1180 ι

505 1246 790 1311 quorum
835 1226 1272 1309 cognitionem
1319 1222 1522 1292 habet
1567 1228 1728 1295 ante
1769 1224 2366 1305 manifestationem
2412 1228 2480 1291 ct
2518 1221 2977 1303 detectionem,

504 1340 674 1407 sicut
737 1339 1000 1407 fuerunt
1063 1336 1404 1423 opiniones
1449 1324 1590 1405 eius
1634 1338 1702 1405 in
1747 1338 1947 1405 rebus
1990 1336 2407 1407 sensibilibus
2430 1401 2437 1409 .
2458 1340 2617 1405 ante
2662 1336 2979 1421 cognitio-

505 1472 658 1545 nem
706 1450 1115 1520 certitudinis
1155 1471 1384 1519 earum
1407 1498 1430 1533 ,
1473 1470 1621 1519 cum
1671 1456 1814 1519 crat
1855 1470 2041 1536 puer,
2084 1452 2257 1518 sieut
2301 1470 2505 1536 supra
2550 1450 2979 1517 ostendimus.

719 1562 906 1631 Scias
951 1564 1148 1653 etiam
1193 1563 1374 1649 quod
1417 1565 1912 1649 comparatione
1956 1563 2293 1645 scitorum,
2338 1580 2513 1649 quae
2542 1561 2979 1649 apprehendit

504 1676 708 1741 homo
753 1676 1045 1761 quinque
1087 1677 1408 1757 sensibus,
1453 1676 1608 1743 illud
1657 1676 1841 1761 quod
1885 1676 2297 1744 concluditur
2340 1696 2423 1743 ex
2470 1678 2595 1743 illis
2640 1676 2707 1743 in
2749 1676 2980 1762 primis
3008 1706 3062 1748 ιο

507 1788 940 1857 intellectibus
981 1790 1260 1857 multum
1306 1794 1427 1871 est,
1469 1790 1638 1857 sicut
1670 1790 2163 1875 comparatione
2193 1790 2559 1860 litterarum
2586 1790 2979 1875 simplicium

507 1908 660 1969 sunt
707 1904 915 1971 multa
958 1903 1089 1971 alia
1133 1904 1404 1971 nomina
1447 1922 1620 1989 quae
1665 1907 2153 1987 componuntur
2196 1922 2281 1969 ex
2326 1902 2470 1969 illis.
2560 1900 2681 1969 scd
2708 1922 2978 1989 eompa-

509 2016 678 2082 ratio
723 2017 1034 2083 scitorum
1059 2064 1078 2097 ,
1141 2036 1314 2101 quae
1355 2020 1512 2083 sunt
1557 2016 1624 2083 in
1668 2016 1898 2101 primis
1940 2016 2395 2097 intellectibus,
2440 2016 2527 2082 ad
2572 2014 2755 2097 iilud,
2799 2017 2979 2101 quod

507 2129 916 2197 concluditur
959 2130 1208 2203 exiliis
1243 2140 1372 2215 'per
1415 2128 2011 2197 demonstrationes
2056 2134 2121 2197 ct
2164 2129 2581 2215 syllogismos
2620 2130 2977 2206 multarum

506 2243 948 2323 scientiarum.
999 2247 1114 2319 ‚est
1171 2244 1339 2310 sicut
1385 2242 1793 2327 comparatio
1847 2220 2187 2311 nominum
2234 2243 2324 2311 ad
2368 2243 2703 2310 orationes
2722 2292 2743 2325 ,
2804 2262 2981 2329 quae
3008 2274 3059 2317 n

506 2360 992 2441 componuntur
1053 2376 1134 2423 ex
1179 2356 1322 2437 illis,
1387 2360 1458 2423 et
1517 2356 1880 2423 locutiones
1923 2361 1992 2425 ct
2032 2356 2313 2441 linguas.
2402 2356 2709 2441 probatio
2753 2360 2975 2424 autem

507 2470 592 2535 de
636 2468 1024 2537 certitudine
1065 2469 1280 2549 huius,
1327 2470 1506 2554 quod
1553 2470 1850 2549 dicimus,
1897 2469 2139 2537 scilicet
2182 2468 2367 2554 quod
2412 2490 2515 2549 es,
2560 2488 2735 2553 quae
2762 2470 2978 2537 sciun-

509 2586 618 2647 tur
659 2582 1248 2666 argumentatione,
1293 2586 1449 2649 sunt
1493 2582 1685 2667 plura
1711 2602 1987 2650 numero
2016 2602 2217 2667 quum
2250 2604 2355 2662 ea,
2382 2602 2557 2667 quae
2582 2586 2742 2649 sunt
2764 2582 2977 2667 prima

509 2694 860 2775 intellecta,
907 2698 1008 2761 est
1049 2694 1214 2763 hoc:
1261 2691 1442 2781 quod
1487 2694 1848 2764 Euclides
1894 2695 1963 2763 in
2005 2715 2411 2781 unoquoque
2456 2700 2741 2763 tmctatu
2784 2715 2979 2781 praee

509 2808 712 2873 mittit
764 2808 990 2875 decem
1039 2812 1196 2877 nota
1240 2808 1346 2875 uel
1389 2809 1584 2893 plura
1627 2809 1735 2877 uel
1781 2809 2092 2894 pauciora
2112 2858 2131 2889 ,
2196 2828 2374 2894 quae
2418 2812 2577 2875 sunt
2618 2808 2835 2894 prima
2880 2808 2977 2877 in·
3002 2838 3060 2883 ω

510 2919 862 3001 telligibilia
884 2970 903 3001 ,
966 2940 1048 2988 ex
1072 2936 1087 2995 ,·
1108 2920 1340 3006 quibas
1401 2922 1926 2989 conclusionibus
1986 2921 2159 2989 elicit
2222 2922 2515 2990 infinitas
2560 2922 2979 3007 quaaetiones

509 3032 806 3116 cognitas
867 3032 1448 3103 demonstratione.
1541 3038 1606 3101 et
1667 3034 1967 3102 similiter
2026 3038 2127 3101 est
2190 3034 2259 3101 in
2320 3034 2489 3101 libro
2544 3034 2976 3117 almagesti.

507 3149 577 3213 et
621 3146 688 3213 in
734 3147 1029 3231 pluribus
1073 3148 1250 3214 libris
1293 3147 1748 3234 philosophiae
1792 3151 1895 3215 est
1936 3146 2064 3217 hoc
2106 3146 2439 3215 iudicium.

721 3260 1080 3346 Postquam
1145 3266 1368 3329 autem
1432 3262 1566 3327 iam
1627 3260 2035 3327 ostendimus
2096 3258 2380 3343 qualiter
2422 3260 2751 3327 subintrat
2794 3278 2979 3327 error

510 3374 574 3439 in
629 3373 1206 3455 ‘argumentatione
1248 3393 1329 3444 ex
1375 3378 1562 3457 parte
1605 3372 2162 3457 argumentantis,
2226 3375 2492 3457 oportet
2534 3392 2711 3439 nunc
2754 3378 2977 3440 osten-
3001 3404 3059 3447 α

509 3484 664 3551 dere
708 3486 990 3571 qualiter
1033 3486 1358 3553 subintrat
1402 3505 1588 3553 error
1629 3505 1712 3553 ex
1752 3490 1947 3570 parte
1990 3485 2599 3567 argumentationis.
2820 3500 2829 3509 ·

593 3885 601 3893 .
711 3836 749 3897 1
787 3832 1132 3913 exercuerint
1157 3833 1170 3903 Ι
1195 3838 1524 3909 exerceo-st
1570 3830 1628 3888 N
1791 3832 1829 3887 2
1860 3832 2007 3889 sicut
2030 3832 2044 3902 1
2068 3772 2207 3903 felci!
2242 3834 2307 3889 N
2469 3833 2505 3889 ⁴
2538 3832 2716 3891 homo
2750 3850 2868 3891 non
2895 3822 2963 3905 Γ
2937 3853 2976 3894 n

511 3916 584 3997 ho
549 3958 678 3997 omo
715 3957 828 4000 non
877 3942 931 3995 V
1055 3942 1092 3998 5
1124 3941 1174 3997 ei
1203 3943 1216 4012 1
1243 3942 1294 3999 ei
1331 3958 1370 4026 ς
1405 3942 1464 3997 Ν
1581 3940 1618 3996 θ
1649 3938 2339 4013 ωσιιίιίοιιειιιιωςοῦιιε
2378 3942 2437 3996 Ν
2532 3905 2965 4011 detectiomml·

509 4049 886 4107 detentionem
929 4048 986 4105 N
1151 4049 1217 4106 14
1249 4048 1750 4107 demonstrationes
1775 4050 1790 4119 Ι
1815 4050 2349 4109 demonstrationem
2386 4051 2449 4107 N
2606 4052 2949 4122 multarum}

511 4159 602 4197 am
641 4142 720 4197 Ra
725 4144 844 4209 nde,
863 4142 1064 4213 fellito
1045 4145 1134 4203 im.
1161 4142 1322 4198 Teaeee
1353 4142 1422 4198 N
1565 4143 1630 4196 1⁶1
1663 4158 1810 4213 quse
1835 4142 1848 4209 Ι
1875 4158 2020 4213 quae
2054 4147 2190 4227 not!
2224 4144 2317 4230 nel
2351 4142 2511 4229 plura
2546 4143 2607 4198 N
2705 4195 2714 4206 ,
2744 4146 2811 4200 le
2840 4144 2949 4214 es!

507 4250 642 4320 reicit
675 4251 736 4306 N
899 4249 1074 4323 prims
1107 4250 1118 4319 Ι
1144 4248 1324 4321 primo
1381 4250 1504 4306 NV
1665 4250 1730 4305 19
1773 4252 2151 4321 unoquoque!
2178 4256 2421 4323 numque
2452 4250 2887 4331 (ciuncioleno)
2920 4250 2975 4305 N

509 4341 580 4397 20
609 4342 795 4398 desem
824 4350 836 4395 1
861 4341 999 4410 rehu
1039 4338 1096 4395 N
1261 4340 1468 4412 quihus
1495 4342 1507 4409 Ι
1534 4342 1598 4411 (ι’
1631 4340 1696 4396 Ν
1731 4356 1846 4412 quo
1893 4338 1947 4395 V
2103 4340 2287 4413 prims
2314 4350 2327 4401 2
2352 4340 2515 4413 plura
2550 4340 2609 4397 N
2775 4341 2845 4397 21
2879 4356 2979 4397 ror

512 4432 884 4504 ,Postquam‘z
917 4431 1218 4505 capitulum
1247 4431 1318 4488 de
1347 4430 1688 4488 ostendendo
1745 4432 1986 4504 qualiter
2038 4448 2195 4489 error
2254 4432 2450 4489 incidit
2506 4430 2567 4489 in
2604 4431 2974 4502 sillossismnm

510 4525 752 4626 (moy
876 4521 1424 4596 esurienti-11

626 4766 872 4821 nolti-sae
897 4764 970 4812 n.
993 4768 1035 4813 Ι.
1087 4765 1286 4822 8⁸35,
1312 4761 1580 4811 Aloltindi.
1966 4810 1973 4815 ,
2500 4750 2549 4817 ⁴·
