3867 5384
21 68 219 333 Γ.-
230 68 321 86 «ιι-ι.-
332 68 391 85 ...a-
403 59 2167 99 --u-wm'm-,QCU-*QL.

1375 544 1540 603 uine
1567 544 1638 601 a·
1669 544 1920 617 «ιιι-ιφ..
1950 544 2225 603 mun.
2952 542 3025 599 a

1761 728 1838 797 V.

1439 864 1667 935 Ser-0
1709 862 1797 935 do
1837 864 2157 957 tenpore.

781 1022 878 1089 De
921 1024 1220 1105 tempore
1263 1022 1462 1087 etiam
1509 1019 1959 1088 dissenserunt
2000 1019 2393 1105 philosophi.
2482 1020 2593 1087 alii
2636 1021 2811 1089 enim
2842 1022 3025 1087 dixe-

565 1138 721 1201 runt
775 1134 956 1219 quod
1003 1138 1104 1201 est
1147 1138 1368 1201 motus
1413 1134 1574 1219 ipse,
1619 1136 1688 1201 et
1727 1134 1841 1201 alii
1885 1134 2193 1200 dixerunt
2236 1130 2417 1217 quod
2462 1152 2599 1201 non
2640 1138 2743 1201 est
2766 1138 3022 1223 ‘motum

562 1251 830 1331 oportet
893 1248 1118 1333 itaque
1177 1267 1302 1315 nos
1363 1248 1732 1316 discernere
1775 1247 2123 1331 ueritatem
2170 1246 2407 1313 horum
2452 1246 2737 1313 duorum
2780 1267 3027 1315 sermo-
3050 1273 3081 1315 s

563 1381 728 1427 num
791 1382 834 1427 a
895 1361 1182 1431 falsitate
1243 1362 1556 1447 ipsorum.
1646 1366 1717 1430 et
1779 1365 1880 1429 oet
1945 1366 2021 1429 ut
2063 1360 2363 1429 dieamus
2406 1359 2587 1446 quod
2612 1364 2851 1428 motus
2894 1363 3027 1427 exi-

563 1480 748 1543 stens
813 1474 878 1541 in
941 1474 1165 1560 aliquo
1234 1476 1562 1543 inuenitur
1603 1474 1672 1541 in
1714 1475 2227 1560 proprietatibus
2272 1471 2505 1563 [illius]
2550 1474 2643 1541 rei
2698 1478 2921 1541 motae
2960 1478 3031 1541 et

565 1608 700 1657 non
781 1588 1104 1673 reperitur
1183 1594 1402 1657 motus
1473 1589 1578 1659 ille
1657 1588 1724 1655 in
1799 1589 1932 1657 alio
2008 1588 2245 1674 speciei
2320 1587 2493 1655 illius
2564 1586 2687 1654 nisi
2760 1588 2823 1654 in
2896 1588 3025 1655 illo.

567 1706 832 1787 teinpus
883 1706 1110 1769 autem
1175 1702 1502 1771 inuenitur
1565 1702 1632 1769 in
1695 1702 1874 1769 omni
1931 1722 2007 1771 re
2058 1701 2423 1770 seeundum
2480 1720 2685 1767 unam
2747 1702 3025 1787 speciem

564 1816 670 1882 uel
735 1816 1006 1883 modum
1071 1836 1276 1883 unum
1298 1865 1317 1896 ,
1387 1820 1456 1883 et
1515 1836 1650 1883 non
1710 1815 1930 1883 existit
1994 1816 2135 1883 eius
2188 1814 2536 1883 diuersitas
2576 1834 2699 1901 per
2756 1814 3027 1883 diuersi—
3058 1845 3110 1886 ιο

563 1934 770 1997 tatem
814 1950 1056 1999 rerum.

779 2044 912 2113 iam
975 2044 1170 2127 igitur
1213 2044 1628 2111 manifestum
1673 2046 1775 2109 aet
1819 2041 2001 2127 quod
2046 2046 2309 2127 tempus
2351 2060 2489 2109 non
2534 2046 2635 2109 est
2682 2046 2917 2123 motus,
2962 2046 3031 2110 et

562 2158 746 2243 quod
791 2156 1044 2223 mentiti
1089 2162 1247 2223 sunt
1290 2155 1376 2222 illi
1421 2156 1534 2241 qui
1579 2156 1883 2223 dixemnt
1925 2154 2106 2241 quod
2152 2160 2415 2240 tempus
2462 2158 2565 2223 est
2606 2156 2746 2240 ipse
2788 2161 3027 2224 motus.

565 2274 632 2337 et
677 2270 878 2337 etiam
924 2270 1104 2353 quod
1149 2270 1462 2337 uelocitas
1507 2274 1574 2336 et
1617 2268 1894 2337 tarditas
1937 2288 2111 2353 quae
2154 2273 2312 2335 sunt
2354 2268 2421 2336 in
2466 2272 2651 2335 rnotu
2696 2289 2829 2359 non
2870 2286 3025 2352 cog·

562 2387 928 2450 noscuntur
990 2382 1114 2449 nisi
1175 2403 1294 2469 per
1355 2388 1634 2467 tempus.
1726 2386 1792 2449 et
1840 2380 1999 2449 illud
2046 2402 2207 2449 uero
2252 2382 2568 2467 quoniam
2613 2382 3028 2451 nominamus
3054 2412 3109 2455 ιε

563 2496 976 2582 [tarditatem
1039 2496 1176 2583 uel]
1239 2496 1502 2565 tardum
1565 2496 1744 2581 quod
1809 2496 1876 2561 in
1940 2500 2237 2581 tempore
2298 2496 2556 2581 prolixo
2616 2500 2921 2563 mouetur
2960 2500 3029 2565 et

567 2608 759 2675 uelox
804 2606 941 2695 [uel
988 2606 1432 2697 uelocitatem]
1479 2608 1656 2693 quod
1703 2610 1786 2675 in'.
1815 2612 2115 2695 tempore
2156 2610 2345 2675 breui
2390 2614 2717 2680 mouetur.

781 2722 1095 2807 temporis
1157 2727 1378 2791 autern
1443 2720 1780 2807 quidditas
1841 2742 1979 2790 non
2040 2722 2456 2807 cognoscitur
2516 2722 2641 2789 nisi
2702 2742 2783 2791 eo
2826 2723 3027 2791 modo

565 2855 764 2920 quem
831 2854 1058 2903 narro:
1125 2838 1194 2903 et
1237 2840 1337 2903 est
1383 2840 1458 2901 ut
1499 2834 1758 2903 dicatur
1799 2836 1983 2919 quod
2028 2836 2279 2901 instans
2322 2834 2819 2919 comprehendit
2860 2840 3028 2903 tem·

563 2968 689 3032 pus
742 2948 921 3033 quod
966 2948 1304 3033 praeteriit
1345 2951 1413 3014 et
1455 2948 1631 3033 quod
1679 2951 1780 3015 est
1824 2950 2137 3015 futurum.
2231 2950 2483 3016 instans
2528 2968 2689 3016 uero
2734 2948 2901 3016 inter
2942 2972 3025 3018 en
3050 2978 3107 3021 ιο

565 3062 852 3129 existens
913 3081 1048 3128 non
1111 3062 1314 3129 habet
1374 3062 1904 3129 constitutionem
1929 3110 1944 3135 ,
2008 3062 2323 3147 quoniam
2367 3063 2583 3147 ipsum
2627 3082 2759 3129 non
2804 3068 3029 3131 manet

565 3181 724 3243 ante
789 3176 1284 3242 meditationem
1347 3179 1661 3242 nostram.
1753 3174 1880 3242 hoe
1927 3196 2083 3259 ergo
2128 3175 2380 3242 instans
2424 3195 2559 3241 non
2604 3180 2705 3243 est
2746 3180 3025 3261 tempus.

563 3290 680 3357 sed
746 3309 896 3358 cum
961 3290 1314 3355 meditatur
1359 3290 1424 3355 in
1472 3292 1691 3355 mente
1733 3288 1820 3355 ad
1867 3288 2119 3355 instans
2160 3288 2469 3372 ponimus
2512 3287 2691 3373 quod
2736 3288 2904 3357 inter
2945 3310 3028 3357 en

565 3403 786 3470 existit
849 3407 1130 3487 tempus,
1223 3402 1288 3468 in
1352 3401 1478 3468 hoc
1541 3420 1695 3482 ergo
1757 3406 1862 3468 est
1923 3400 2310 3485 significatio
2363 3402 2544 3485 quod
2591 3405 2848 3486 tempus
2890 3422 3027 3471 non

565 3522 667 3583 est
713 3516 779 3582 in
825 3514 1067 3599 aliquo,
1113 3514 1238 3581 nisi
1283 3514 1465 3599 prius
1509 3518 1577 3581 et
1619 3514 1973 3598 posterius:
2020 3516 2089 3581 et
2130 3532 2265 3581 non
2310 3516 2414 3579 est
2454 3514 2579 3580 nisi
2624 3534 2953 3583 numerus.
3052 3542 3109 3587 ts

784 3633 1044 3712 tempus
1107 3646 1262 3711 ergo
1324 3632 1426 3694 est
1487 3645 1799 3694 numerus
1851 3646 2211 3692 numerans
2256 3630 2532 3693 motum.
2622 3628 2763 3695 eius
2805 3632 3028 3696 autem

535 3888 540 3891 ,
767 3828 805 3883 2
837 3829 1032 3885 Sermo
1065 3826 1134 3883 de
1171 3833 1414 3897 temporo
1441 3830 1454 3891 Ι
1481 3835 1571 3881 roe
1609 3829 1654 3879 Ο
1669 3828 1820 3895 fehlt
1847 3827 1993 3880 ΑΥ*
2073 3828 2109 3881 3
2132 3826 2449 3899 philosophi
2480 3829 2491 3894 Ι
2517 3826 2656 3892 fehlt
2682 3833 2729 3884 Ο
2810 3829 3003 3899 enim!

560 3924 700 3992 rehu
732 3924 786 3977 A
953 3920 990 3975 4
1021 3925 1078 3975 et
1103 3921 1114 3979 Ι
1140 3920 1278 3987 fehlt
1322 3918 1402 3971 Υ*
1543 3934 1656 3973 non
1690 3924 1776 3975 est
1809 3924 1996 3975 motus
2022 3920 2035 3989 Ι
2064 3935 2180 3976 non
2215 3924 2403 3977 motu·
2437 3924 2525 3975 ent
2576 3920 2707 3977 V⁸A
2858 3922 2897 3977 δ
2928 3920 3027 3979 ita·

563 4030 678 4085 que
713 4030 818 4068 nou
845 4012 858 4081 1
887 4028 991 4067 no·
1025 4010 1214 4081 itaquo
1260 4008 1341 4062 Υ*
1472 4009 1763 4067 ueritatem
1789 4011 1804 4080 Ι
1831 4010 1900 4067 de
1936 4012 2169 4068 ueritate
2206 4013 2255 4065 Ο
2384 4010 2522 4067 6-1
2572 4028 2609 4069 ⁸
2642 4010 2880 4069 radiato
2908 4052 2929 4071 .
2960 4053 2979 4069 .
3012 4052 3030 4071 .

565 4104 810 4163 existens
837 4102 1012 4173 {fehlt
1080 4100 1163 4154 Υ*
1293 4099 1481 4169 aliquo
1509 4098 1522 4166 Ι
1547 4098 1659 4155 alio
1696 4102 1749 4155 A
1885 4101 2078 4173 [iniunt
2106 4102 2117 4171 Ι
2129 4102 2283 4173 fehlt
2319 4101 2460 4156 ΟΥ*
2601 4104 2638 4157 9
2680 4104 3001 4172 inuenitur!

564 4194 838 4268 reperitur
909 4193 986 4247 Υ*
1123 4193 1188 4249 10
1219 4207 1316 4263 per
1341 4190 1354 4260 Ι
1382 4196 1602 4261 proptor
1633 4190 1780 4247 ΟΥ*
1917 4194 1983 4249 12
2014 4192 2183 4265 icitur
2210 4194 2223 4261 Ι
2250 4210 2382 4266 orgo
2422 4193 2561 4247 ΟΥ*
2720 4197 2777 4251 14
2813 4194 3001 4268 quod!

565 4285 705 4359 quin
741 4284 845 4340 AO
942 4299 1056 4339 non
1085 4282 1097 4351 Ι
1125 4288 1182 4338 et
1214 4297 1328 4339 non
1377 4281 1455 4335 Υ*
1561 4282 1624 4337 15
1655 4288 1710 4338 et
1739 4284 1916 4352 trehit
1954 4287 2003 4340 A
2078 4284 2213 4341 illud
2242 4286 2253 4355 Ι
2280 4290 2503 4357 propter
2536 4284 2671 4341 iilud
2710 4286 2841 4339 ΟΥ*
2940 4302 3029 4343 ue·

565 4394 632 4435 ro
662 4378 673 4447 Ι
702 4376 828 4432 ideo
867 4374 1004 4427 ΟΥ*
1139 4374 1206 4430 16
1238 4372 1574 4443 [tarditatem
1611 4372 1723 4446 uel]
1751 4374 1927 4444 {tohu
1982 4374 2033 4431 A
2169 4374 2319 4447 quod
2346 4374 2359 4445 1
2386 4374 2523 4447 quit
2560 4378 2609 4431 A
2711 4375 3002 4444 mouetur!

551 4467 708 4542 jehu
771 4465 852 4519 Υ*
1021 4465 1086 4519 17
1135 4462 1298 4520 uelox
1333 4460 1446 4533 [uel
1474 4463 1485 4532 Ι
1510 4464 1647 4533 Μαι
1682 4468 1733 4520 A
1869 4465 2019 4537 quod
2046 4466 2061 4535 Ι
2088 4464 2225 4538 quit
2260 4466 2307 4521 A
2450 4472 2709 4523 mouetur
2732 4468 2745 4537 Ι
2756 4468 2909 4537 fehlt
2956 4466 3033 4523 Υ*

571 4558 637 4617 18
669 4563 857 4615 autom
886 4558 901 4625 Ι
927 4572 1065 4613 uero
1095 4557 1143 4610 Ο
1271 4555 1551 4627 quidditu
1576 4557 1588 4622 Ι
1617 4554 1864 4627 quiditu
1900 4559 1948 4610 0
2082 4557 2147 4612 19
2180 4574 2349 4629 quom
2376 4558 2391 4625 Ι
2417 4574 2534 4629 quo
2571 4557 2709 4613 ΟΥ*
2820 4558 2887 4616 21
2914 4574 3031 4617 nou

571 4653 763 4708 manet
789 4649 804 4717 Ι
831 4652 1082 4705 remanet
1118 4649 1169 4703 A
1303 4646 1372 4702 fi
1403 4662 1519 4703 non
1545 4646 1722 4717 [fehlt
1757 4650 1810 4703 A
1911 4648 1981 4703 23
2012 4654 2199 4706 mento
2226 4650 2241 4718 Ι
2266 4649 2511 4706 inat-nto
2548 4652 2594 4703 Ο
2626 4648 2909 4707 instantii·
2954 4650 3033 4705 Υ*

567 4740 634 4797 24
669 4744 754 4797 est
780 4740 794 4811 1
821 4754 936 4796 non
968 4742 1054 4795 ost
1089 4738 1136 4791 Ο
1160 4736 1310 4807 seme
1342 4734 1490 4792 ΔΥ*
1643 4736 1977 4807 significatio
2004 4737 2018 4810 Ι
2043 4738 2267 4811 signum
2303 4741 2354 4795 A
2526 4740 2595 4796 25
2626 4745 2713 4797 eut
2736 4750 2751 4811 ι
2772 4742 2907 4809 reue
2956 4740 3034 4795 Υ*

571 4830 924 4903 aliquotae
961 4831 1014 4884 A
1147 4827 1584 4903 &agotum-o
1619 4830 1668 4884 Ο
