3867 5384
759 464 827 521 44
1857 462 2115 521 Antinoi

762 602 1278 687 unumquodque
1354 603 1627 668 istorum
1700 604 1801 668 est
1862 602 2297 685 compositum
2366 622 2443 667 ex
2506 604 2682 668 terra
2744 603 2811 667 et
2870 600 3085 684 lapide
3148 604 3215 668 et

758 715 965 783 latere
1026 719 1092 783 et
1129 715 1345 799 -lignis
1406 718 1475 781 et
1537 715 1680 781 aliis
1741 714 2202 782 consimilibus.
2290 714 2456 811 haec
2518 718 2741 783 autem
2794 713 3014 781 omnia
3059 718 3215 781 sunt

759 850 840 897 ex
903 828 1333 896 elementatis,
1429 828 1823 897 elementata
1879 848 2041 896 uero
2086 848 2167 895 ex
2212 828 2567 895 elementis,
2656 830 2724 893 et
2767 826 3086 895 elementa
3131 848 3211 895 ex

759 963 1052 1028 corpore,
1145 947 1214 1011 et
1257 962 1497 1026 corpus
1541 964 1620 1010 ex
1665 943 1816 1027 hyle
1859 946 1927 1009 et
1972 943 2207 1009 forma.-

702 1088 733 1127 ε
970 1055 1306 1141 Spiritalia
1365 1076 1526 1123 uero
1571 1056 1887 1141 spirantia
1931 1060 2087 1122 sunt
2133 1060 2207 1122 ut
2250 1060 2483 1123 cantus
2527 1056 2639 1139 qui
2684 1057 2784 1121 est
2828 1054 2895 1121 in
2939 1074 3213 1123 numero

760 1191 1074 1237 sonorum
1131 1170 1604 1237 ordinatorum.
1694 1189 1898 1236 sonus
1941 1188 2103 1237 uero
2148 1170 2561 1254 componitur
2606 1190 2685 1236 ex
2729 1168 2901 1235 tonis
2942 1188 3215 1252 propor-

759 1283 1114 1350 tionalibus
1177 1288 1245 1351 et
1305 1282 1603 1351 uersibus
1667 1282 1970 1353 metricis,
2068 1302 2305 1352 ‚uersus
2368 1302 2533 1350 uero
2596 1285 3077 1367 componuntur
3139 1302 3220 1351 ex

759 1398 1058 1481 pedibus.
1149 1396 1265 1463 sed
1331 1397 1530 1481 pedes
1593 1400 2077 1481 componuntur
2119 1416 2199 1463 ex
2245 1397 2529 1482 syllabis,
2620 1416 3053 1481 unaquaeque
3096 1416 3215 1464 au·

761 1514 896 1575 tem
939 1510 1341 1595 syllabarum
1385 1510 1794 1594 componitur
1838 1530 1917 1576 ex
1964 1510 2193 1577 litteris
2230 1510 2567 1578 uocalibus
2597 1513 2665 1577 et
2690 1510 3213 1578 consonantibus.

687 1652 736 1695 uo
763 1644 957 1690 nemo
1001 1625 1224 1690 autem
1271 1624 1602 1707 cognoscit
1643 1623 1770 1691 hoc
1813 1624 1938 1690 nisi
1983 1624 2093 1709 qui
2140 1624 2327 1690 nouit
2369 1624 2825 1708 proportiones
2868 1623 3167 1692 musicas,

976 1736 1352 1805 Secundum
1397 1740 1616 1811 autem
1663 1738 1828 1805 haec
1872 1737 2170 1821 exempla
2206 1736 2645 1833 considerabis
2672 1738 2849 1803 uiam
2878 1737 3215 1815 resolutio·

761 1852 884 1931 nis,
930 1870 1276 1936 quousque
1318 1851 1770 1919 manifestatur
1813 1850 1930 1917 tibi
1976 1872 2057 1917 ex
2103 1851 2340 1936 quibus
2382 1851 2515 1918 sint
2556 1852 2900 1919 coniuncta
2946 1855 3014 1917 et
3036 1870 3217 1918 com·

764 1966 982 2049 posita
1054 1985 1134 2031 ea
1155 2014 1174 2045 ,
1255 1984 1426 2049 quae
1489 1964 1852 2051 Composita
1915 1969 2090 2032 suut.
2198 1969 2265 2032 et
2327 1969 2484 2031 tunc
2542 1964 2705 2032 scies
2766 1963 3213 2032 certitudinem

767 2098 1017 2147 earum.
1129 2090 1138 2095 “

690 2216 742 2259 ns
981 2192 1077 2258 De
1121 2192 1233 2259 uia
1277 2195 1498 2261 autem
1557 2192 2104 2259 definitionum
2149 2192 2425 2260 intentio
2467 2192 2631 2259 haec
2676 2197 2795 2273 est,
2857 2193 3100 2259 scilicet
3142 2186 3218 2258 ut

766 2324 1241 2388 cognoscamus
1304 2305 1754 2373 certitudinem
1807 2307 2192 2391 specierum.
2282 2307 2397 2373 sed
2444 2307 2723 2391 qualiter
2766 2306 3089 2391 agendum
3134 2306 3217 2373 sit

770 2418 838 2485 in
891 2440 974 2485 ea
1019 2418 1104 2486 ad
1151 2418 1281 2486 hoc
1323 2423 1395 2484 ut
1439 2420 1842 2504 assignemus
1887 2420 2176 2504 aliquam
2222 2421 2604 2505 specierum,
2666 2420 2791 2487 hoc
2839 2424 2939 2487 eet
2980 2420 3218 2487 scilicet

766 2537 842 2598 ut
901 2532 1310 2616 inquiramus
1371 2554 1576 2615 genus
1637 2534 1776 2601 eius
1839 2539 1906 2601 et
1968 2553 2311 2600 numerum
2376 2534 2883 2601 differentiarum
2950 2535 3088 2601 eius
3150 2539 3218 2613 et

767 2647 1244 2728 coniungentur
1285 2646 1506 2713 omnia
1549 2646 1827 2731 propriis
1872 2648 2264 2714 nominibus.
2358 2647 2539 2714 uerbi
2582 2648 2813 2729 gratia,
2859 2649 3024 2716 sicut
3068 2668 3215 2717 cum

685 2786 740 2827 ἑο
766 2760 833 2825 in
897 2760 1269 2827 deliniendo
1329 2760 1659 2827 hominem
1725 2761 1961 2828 dicitur
2020 2761 2198 2846 quod
2243 2765 2343 2828 est
2386 2761 2627 2828 animal
2658 2761 3011 2857 rationale.
3100 2762 3217 2830 sed

767 2874 820 2939 si
867 2873 1206 2959 quaeritur
1249 2893 1420 2958 quae
1465 2878 1564 2942 est
1608 2874 1896 2941 delinitio
1942 2875 2271 2953 animalis,
2317 2875 2568 2942 dicetur
2611 2875 2788 2959 quod
2841 2879 2942 2942 est
2984 2896 3219 2962 corpus

743 2986 1007 3053 mobile
1069 2987 1393 3055 sensibile.
1482 2988 1538 3053 si
1601 3008 1758 3054 uero
1820 2990 2157 3073 quaeritur
2218 3008 2389 3072 quae
2432 2992 2533 3055 est
2576 2989 2864 3056 delinitio
2910 2988 3217 3075 corporis,

767 3100 1020 3167 dicetur
1081 3099 1261 3185 quod
1325 3106 1425 3167 est
1478 3102 1847 3168 substantia
1895 3102 2047 3181 lata,
2112 3102 2308 3183 longa
2352 3109 2420 3169 ct
2463 3103 2808 3186 profunda.
2899 3103 2953 3170 si
2996 3106 3217 3171 autem

768 3216 1106 3299 quaeritur
1149 3234 1322 3299 quae
1367 3220 1465 3282 est
1509 3216 1802 3283 delinitio
1847 3216 2275 3307 substantiae,
2329 3215 2579 3282 dicetur
2622 3217 2800 3301 quod
2843 3237 2976 3283 non
3021 3218 3221 3286 habet

686 3352 741 3393 ss
769 3330 1215 3395 definitionem
1279 3331 1396 3397 sed
1460 3329 1983 3415 descriptionem,
2048 3351 2221 3415 quae
2283 3334 2385 3397 est
2426 3320 2521 3397 ⁴ut
2582 3330 2839 3398 dicatur
2880 3330 3058 3416 quod
3103 3351 3219 3399 ens
3330 3404 3340 3413 ,

770 3446 872 3509 est
891 3492 907 3522 ,
972 3447 1156 3509 stans
1218 3462 1338 3527 per
1397 3464 1466 3510 se
1489 3492 1506 3523 ‚
1569 3444 1961 3530 receptibilis
2022 3444 2497 3512 contrariarum
2561 3446 3053 3530 proprietatum.
3163 3446 3216 3512 si

770 3560 992 3622 autem
1040 3558 1377 3641 quaeritur
1420 3577 1592 3641 quae
1637 3561 1790 3624 sunt
1833 3558 2269 3642 proprietates
2314 3558 2699 3638 contrariae,
2748 3558 2998 3625 dicetur
3040 3558 3217 3643 quod

770 3675 929 3736 sunt
972 3670 1336 3737 accidentia
1379 3672 1779 3755 quiescentia
1823 3671 1892 3739 in
1938 3672 2340 3752 substantiiS,
2382 3692 2515 3739 non
2560 3671 2728 3737 sicut
2772 3691 2927 3757 pars
2970 3692 3215 3740 earum.

771 3788 839 3851 et
883 3784 1246 3851 secundum
1289 3783 1413 3850 hoc
1455 3784 1898 3852 considerabis
1944 3786 2121 3852 uiam
2167 3784 2641 3852 definitionum.
2732 3784 2849 3851 sed
2894 3784 3025 3851 iam
3071 3785 3219 3853 seci-

691 3918 746 3959 so
772 3918 920 3964 mus
965 3898 1048 3965 de
1093 3896 1220 3963 hoc
1267 3896 1632 3981 epistolam.

805 3990 834 4003 ‘
987 4011 1084 4078 De
1126 4010 1240 4078 uia
1285 4014 1504 4078 autem
1565 4011 2313 4079 demonstrationum
2359 4012 2631 4079 intentio
2675 4032 2847 4098 quae
2889 4013 3223 4098 quaeritur

969 4244 1006 4301 3
1060 4246 1392 4303 elementata
1451 4262 1585 4304 uero
1611 4250 1626 4317 Ι
1654 4264 1766 4303 non
1823 4246 1883 4303 N
2082 4247 2115 4303 4
2166 4246 2292 4318 hyle
2318 4247 2331 4318 Ι
2358 4247 2471 4304 hil·
2541 4248 2648 4303 VN
2837 4248 2875 4304 ὁ
2918 4246 3014 4321 qui
3040 4248 3055 4319 1
3082 4267 3117 4323 q
3162 4250 3269 4307 N·

771 4338 808 4394 θ
839 4353 1102 4394 sonorum
1133 4337 1146 4408 Ι
1173 4354 1399 4397 suorum
1434 4340 1498 4395 N
1627 4339 1778 4395 tonis
1803 4341 1820 4408 Ι
1845 4339 2035 4395 thenis
2056 4339 2275 4409 NVW
2302 4340 2503 4396 nuum·
2537 4340 2775 4407 ,thonu‘
2802 4342 2936 4397 oder
2952 4340 3223 4412 ,thanim

773 4444 810 4501 s
854 4446 1081 4517 synam:
1107 4446 1120 4515 ι
1149 4446 1363 4504 sunm·
1395 4446 1634 4519 (ρίινὶν)
1669 4447 1789 4504 Νν
1829 4448 1943 4503 «ηε
1970 4463 2034 4505 00
2069 4450 2263 4503 sum
2426 4435 2855 4512 olium-113²»-
2889 4448 2950 4505 Ν
2977 4446 3131 4507 uim·
3174 4448 3227 4505 r

780 4538 844 4591 10
874 4536 972 4608 qui
1000 4538 1013 4606 ξ
1039 4554 1076 4610 q
1112 4536 1173 4593 N
1307 4540 1372 4596 12
1403 4538 1516 4595 sint
1543 4540 1556 4607 Ι
1581 4538 1657 4596 ait
1687 4538 1750 4595 N
1883 4536 1947 4593 13
1975 4554 2045 4595 ca
2071 4537 2085 4610 Ι
2112 4555 2181 4595 eo
2220 4539 2279 4595 N
2424 4538 2491 4594 10
2521 4539 2927 4610 coniungantur
2950 4538 2967 4607 Ι
2992 4536 3221 4597 conluu-

775 4633 938 4699 ssctur
969 4628 1028 4686 N
1175 4631 1246 4686 23
1276 4631 1410 4697 lata.
1441 4630 1609 4701 lonc·
1635 4632 1649 4701 Ι
1674 4629 1793 4688 lata
1822 4630 1991 4700 lonc·
2024 4630 2139 4687 lata
2170 4632 2609 4703 (Dium-afflato)
2651 4631 2758 4688 VN
2885 4629 3087 4689 25—ss
3118 4645 3222 4689 cu·

776 4722 1010 4791 edient
1046 4736 1151 4778 cns
1196 4719 1249 4776 V
1375 4721 1446 4779 28
1478 4720 2025 4795 quie-cantianam
2057 4720 2121 4778 N
