3867 5384
809 462 880 521 62
1185 454 1482 503 ..‡2.
1603 490 1686 503 ··
1919 452 2247 523 'Al-Kindi‘-

811 600 880 667 in
923 602 1214 669 matrice
1233 652 1254 684 ,
1315 604 1390 669 et
1433 604 1672 687 postea
1719 600 1839 668 ruit
1875 601 2227 686 'quoddam
2248 592 2647 669 ·uiscosum'.'
2713 587 2949 668 deinde
2996 600 3117 667 ruit
3156 601 3287 666 t'or-

813 718 1054 781 matus.
1143 714 1382 783 deinde
1425 714 1546 781 ruit
1591 715 1840 782 animal
1885 716 2133 784 mobile
2178 719 2245 783 et
2288 716 2613 785 sensibile.
2702 719 2933 799 postea
2978 733 3145 797 puer
3187 712 3288 779 in-

811 828 1135 910 telligens.
1225 832 1460 919 postea
1524 818 1910 896 adolescens
1976 828 2432 910 exercitabitiS,
2497 828 2699 895 sortis.
2789 830 3024 912 postea
3086 846 3289 895 senex
3424 885 3432 892 .

815 942 1142 1025 expertus,
1189 942 1508 1023 cognitor,
1553 942 1836 1026 sapiens.
1931 941 2172 1010 deinde
2209 942 2599 1027 decrepitus,
2646 961 2954 1021 annosum
3001 940 3288 1026 sapiens,

757 1075 788 1117 s
811 1052 1262 1142 philosophus.
1339 1060 1405 1122 et
1446 1060 1598 1141 post
1644 1058 1926 1123 mortem
1956 1055 2033 1122 fit
2064 1054 2286 1123 anima
2332 1056 2545 1138 angeli
2572 1044 2875 1123 caelestis
2912 1054 3286 1138 spiritualia,

813 1167 1194 1252 sempiterni
1241 1189 1402 1247 esse,
1451 1168 1852 1236 delectabilis
1895 1169 2189 1252 gaudere
2234 1190 2515 1255 semper.

899 1276 906 1283 ’
1028 1283 1214 1350 Scias
1277 1286 1501 1349 autem
1547 1280 1727 1367 quod
1773 1282 1947 1349 sieut
1989 1285 2063 1349 tu
2110 1303 2245 1349 non
2293 1283 2623 1350 comitaris
2668 1283 2753 1351 ad
2798 1271 3084 1368 aliquem
3130 1282 3290 1347 isto·

816 1416 962 1462 rum
1007 1396 1313 1462 ordinum
1333 1446 1350 1475 ‚
1397 1396 1523 1463 nisi
1569 1396 1724 1487 quia
1769 1396 1956 1481 prius
2000 1397 2393 1481 exspoliaris
2437 1398 2523 1463 ab
2569 1396 2895 1481 aliquibus
2938 1394 3291 1463 accidenti·

815 1508 941 1575 bus
1003 1513 1072 1575 et
1113 1509 1626 1593 proprietatibus
1669 1508 2070 1592 imperfectis
2116 1514 2183 1576 et
2227 1508 2468 1577 deinde
2512 1510 2773 1577 uestiris
2817 1510 2963 1579 aliis
3006 1506 3293 1575 meliori·

738 1639 791 1680 ιο
817 1622 940 1687 bus
1001 1625 1072 1689 et
1130 1622 1556 1689 nobilioribus
1617 1622 1779 1689 illis:
1845 1622 2145 1689 similiter
2198 1624 2461 1707 oportet
2505 1626 2580 1689 ut
2599 1672 2617 1704 ‚
2682 1623 2768 1691 ad
2812 1612 3293 1708 quemcumque

815 1734 1092 1816 gradum
1139 1735 1583 1817 cognitionum
1629 1739 1696 1803 et
1723 1736 2147 1804 scientiarum
2180 1740 2247 1804 te
2292 1736 2595 1815 erexeris,
2644 1736 2963 1821 exspolies
3000 1736 3288 1806 animam

819 1853 1004 1916 tuam
1049 1870 1092 1917 a
1138 1849 1432 1916 moribus
1477 1853 1546 1919 et
1587 1849 2179 1917 consuetudinibus
2224 1853 2295 1917 et
2337 1850 2677 1916 sententiis
2719 1852 2787 1917 et
2831 1850 3138 1933 operibus
3159 1898 3178 1929 ,
3224 1846 3290 1913 in

817 1962 1056 2047 quibus
1103 1968 1170 2030 te
1215 1982 1598 2031 exercueras
1641 1984 1685 2031 a
1729 1963 2016 2049 pueritia
2064 1963 2411 2030 inscienter
2431 2013 2447 2043 ‚
2496 1982 2839 2047 quousque
2884 1962 3207 2049 separeris
3250 1982 3293 2029 a

818 2076 1032 2146 forma
1056 2068 1348 2145 bumana
1379 2081 1446 2157 et
1471 2077 1768 2145 induaris
1797 2077 2016 2145 forma
2042 2076 2357 2158 angelica,
2403 2080 2477 2144 ut
2502 2076 2594 2143 sic
2620 2076 2833 2160 possis
2858 2076 3295 2145 conscendere

743 2204 795 2246 ¹⁶
820 2189 907 2257 ad
951 2210 1228 2275 regnum
1274 2191 1604 2259 caelorum
1653 2195 1720 2258 et
1764 2191 1853 2259 ad
1896 2191 2317 2258 latitudinem
2363 2190 2591 2257 mundi
2636 2190 2987 2271 caelorum,
3032 2188 3145 2256 ubi
3191 2208 3296 2255 re-

819 2303 1144 2370 tribuetur
1207 2303 1550 2372 retributio
1613 2304 1965 2372 ineffabilis
2029 2310 2098 2371 et
2159 2305 2349 2371 uiues
2408 2304 2550 2370 uita
2604 2303 2775 2371 felici
2811 2323 2961 2370 cum
3007 2302 3154 2369 filiis
3197 2302 3295 2367 tui

819 2416 1075 2497 generis
1095 2466 1114 2497 ‚
1169 2418 1280 2501 qui
1325 2421 1827 2501 praecesserunt
1871 2421 1940 2485 te
1984 2418 2075 2485 ad
2122 2418 2231 2485 illa
2252 2467 2271 2498 ,
2318 2417 2560 2485 scilicet
2605 2416 2933 2501 sapientes
2978 2421 3043 2484 et
3087 2414 3297 2481 sancti

821 2532 888 2595 et
930 2529 1316 2615 prophetae.
1485 2524 1490 2531 ’

829 2632 834 2637 ’
1035 2642 1220 2715 Scias
1281 2644 1480 2712 etiam
1545 2644 1722 2728 quod
1787 2645 1880 2713 ita
1947 2645 2251 2713 naturale
2298 2648 2397 2713 est
2440 2644 2691 2711 homini
2735 2646 2831 2711 uti
2876 2647 3299 2728 argumenta-

741 2772 798 2813 ω
827 2755 1006 2823 tione
1055 2759 1120 2823 et
1165 2757 1690 2827 consideratione
1709 2805 1729 2838 ‚
1793 2758 1967 2824 sicut
2010 2759 2313 2827 naturale
2358 2764 2458 2826 est
2502 2758 2562 2826 ei
2607 2758 2705 2825 uti
2748 2758 3047 2825 sensibus
3066 2805 3083 2836 ‚
3130 2756 3300 2823 sicut

822 2888 1024 2954 supra
1087 2870 1391 2952 diximus.
1483 2870 1748 2953 regulae
1813 2876 2039 2937 autem
2086 2872 2729 2953 argumentationum
2776 2875 2930 2938 sunt
2974 2871 3297 2949 diuersae,

823 2982 990 3048 sicut
1035 2985 1374 3051 ostensum
1421 2988 1520 3051 est
1567 2986 1632 3051 in
1680 2983 1862 3050 libris
1905 2984 2159 3069 logicae
2205 2990 2274 3052 et
2319 2986 2799 3051 conditionibus
2845 2986 3103 3070 topicae
3146 3002 3301 3068 pro-

823 3096 954 3162 lixa
1035 3098 1432 3164 ostensione.
1543 3097 1802 3181 aliquas
1889 3100 2117 3163 tamen
2183 3118 2263 3164 ex
2329 3098 2451 3163 illis
2513 3098 2804 3164 dicemus
2864 3097 2970 3163 hic
3032 3100 3107 3162 ut
3170 3096 3302 3163 sint

826 3201 1198 3293 exemplum
1245 3200 1635 3277 ceterorum.
1717 3202 1722 3207 ’
1803 3201 1810 3208 ’
2084 3220 2089 3227 “
2276 3222 2278 3225 ‘
2710 3287 2721 3295 ,
2768 3202 2803 3209 ”
2978 3200 2989 3209 ’

743 3335 800 3377 2⁵
1040 3322 1235 3390 Pueri
1297 3322 1470 3390 enini
1533 3342 1658 3409 pro
1720 3324 1963 3404 regulis
2028 3344 2297 3390 suarum
2358 3323 2999 3405 argumentationum
3046 3327 3303 3407 ponunt

826 3434 1286 3520 dispositiones
1346 3457 1616 3504 suarum
1673 3436 2049 3503 animarum
2099 3442 2167 3503 et
2209 3456 2477 3503 suorum
2526 3439 2870 3520 parentum
2918 3440 2984 3502 ct
3029 3454 3299 3501 suorum

1032 3699 1052 3753 l
1111 3698 1386 3769 quoddam
1417 3698 1428 3768 Ι
1456 3698 1605 3771 qddi
1667 3698 1720 3753 V
1925 3696 1963 3753 4
2014 3714 2262 3755 annosus
2295 3697 2518 3769 sapiens
2545 3697 2557 3767 Ι
2584 3654 2807 3768 sapiens
2833 3656 3098 3777 annosus·
3122 3696 3184 3751 N
3215 3714 3305 3753 sa·

828 3802 1020 3887 plens*
1075 3806 1355 3861 annuus*
1418 3806 1468 3859 V
1662 3806 1700 3860 ἥ
1733 3810 1861 3877 post
1887 3805 1899 3876 Ι
1929 3822 2031 3877 per
2064 3806 2115 3863 V
2335 3804 2640 3876 spiritualis
2668 3805 2679 3875 Ι
2706 3792 2918 3892 urbitali-
2947 3806 3214 3873 (aanor)
3246 3804 3307 3861 N

831 3912 990 3987 πρίω·
1035 3913 1088 3968 Υ
1199 3914 1236 3969 G
1264 3914 1586 3986 senipiterni
1617 3916 1628 3985 1
1655 3916 1999 3985 sempiterna
2034 3914 2093 3969 N
2227 3916 2467 3987 gaudere
2494 3916 2505 3983 Ι
2534 3914 2801 3985 gaudere·
2846 3914 2899 3969 V
3027 3916 3060 3971 '1
3094 3912 3277 3983 sicut!

827 4004 910 4061 sic
944 4004 1005 4059 N
1169 4004 1240 4061 ad
1275 4006 1522 4077 aliquem
1551 4006 1726 4076 {sc-1011
1761 4006 1827 4061 N
1988 4006 2027 4061 8
2059 4006 2386 4077 exqioliaris
2412 4007 2424 4077 1
2452 3998 2743 4078 expoliatis
2778 4006 2835 4061 N
2848 4003 2898 4060 Υ
3068 4005 3131 4062 14
3174 4007 3277 4077 nt}

825 4145 962 4214 tene
997 4144 1057 4201 u
1193 4108 1561 4203 cossanum
1587 4148 1598 4215 ι
1627 4147 1961 4204 consedere
2006 4146 2062 4201 ν
2204 4146 2273 4202 ιο
2304 4146 2399 4203 nm
2430 4148 2443 4217 ι
2471 4146 2579 4204 nist
2615 4147 2679 4202 Ν
2710 4106 2771 4216 (ι’,
2804 4106 2995 4217 rao-1¹1)
3108 4147 3307 4203 ici-17

829 4252 954 4293 cnm
977 4276 993 4293 .
1013 4276 1028 4293 .
1050 4276 1066 4294 .
1097 4238 1316 4307 generis
1341 4240 1352 4307 1
1381 4256 1474 4293 an·
1507 4238 1703 4297 κακῶς
1737 4240 2145 4311 »aelmon-050»,
2178 4240 2239 4296 N
2328 4239 2392 4296 Π
2423 4238 2519 4309 qui
2550 4240 2563 4311 1
2589 4238 2737 4310 quod
2771 4238 2817 4295 N
2843 4246 2849 4253 ‘
2888 4239 2955 4294 19
2987 4240 3241 4297 naturale
3266 4240 3279 4310 Ι

829 4326 1018 4384 natal·
1036 4327 1097 4405 N
1225 4328 1307 4385 uti
1337 4330 1348 4400 Ι
1375 4330 1479 4385 dm
1511 4329 1530 4387 l
1562 4330 1703 4400 rebla
1735 4332 1800 4385 {a
1821 4330 1880 4384 N
1910 4329 2033 4401 aad
2064 4332 2127 4385 in
2176 4330 2229 4385 V
2277 4332 2349 4386 Μ
2383 4346 2487 4385 ron
2535 4334 2788 4403 opacet-er
2816 4332 2991 4387 Hand
3040 4329 3309 4401 &arslot

829 4470 900 4525 20
925 4470 1008 4527 uti
1035 4469 1049 4539 Ι
1071 4475 1140 4557 pt
1169 4470 1253 4527 nti
1293 4470 1352 4527 N
1491 4472 1554 4527 21
1593 4488 1763 4545 supra
1791 4470 1803 4541 Ι
1829 4432 2171 4555 gngibjsufi
2202 4471 2258 4526 V
2390 4490 2462 4527 τοι
2496 4471 2567 4527 23
2604 4472 2968 4563 liquentem.-
3001 4489 3038 4528 a
3070 4470 3309 4545 pueritia

831 4594 1134 4651 mnndum
1172 4594 1284 4665 sani
1317 4594 1504 4651 unitos
1539 4594 1670 4665 (tar,
1697 4594 2101 4661 imitationem)
2134 4596 2198 4661 ,ι’
2272 4656 2281 4663 ,
2331 4596 2399 4651 ιο
2430 4600 2619 4661 tannen
2646 4596 2662 4667 ι
2688 4584 2781 4653 ιῖῖο
2812 4596 2939 4667 (tar
2968 4584 3051 4654 ὤ
3084 4618 3154 4645 ==
3186 4576 3309 4653 un‘·

835 4685 1018 4755 tumr)
1050 4683 1114 4740 N
1241 4690 1304 4741 ut
1329 4686 1342 4754 Ι
1369 4686 1670 4757 Μαιάδα
1705 4686 1772 4743 N
1899 4684 2017 4742 sint
2044 4686 2057 4753 Ι
2083 4684 2160 4742 uit
2188 4685 2252 4742 N
2276 4704 2283 4709 ·
2389 4746 2397 4753 ,
2500 4722 2529 4755 -‚
