3867 5384
21 59 61 77 :a
82 65 105 75 -
141 66 151 75 .
167 61 235 77 ..-
250 49 279 77 .t
294 60 365 77 a·-
376 58 450 77 -Q
461 64 551 78 a*
562 50 1119 79 *uma—Asamus&
1134 57 1405 82 *nawa-o
1418 60 1611 83 mur.
1634 44 1996 87 :tadu-m·
2007 56 2138 91 *tt
2147 51 3732 96 Ahmmmssffwn

941 526 1106 585 Liber
1139 528 1568 587 introductorius
1599 526 1658 585 ln
1694 532 1872 587 artam
1907 528 2117 601 logie-0
2147 528 2657 589 damnus-tionis.
2962 527 3035 584 ⁶1

571 662 855 733 uolueris
916 665 1084 734 seire
1145 665 1306 751 quid
1369 668 1472 733 est
1523 662 1888 734 intellectus
1929 664 2295 733 humanus:
2358 686 2495 735 non
2538 670 2643 735 est
2686 665 2867 748 aliud
2910 664 3037 731 nisi
3780 688 3789 719 «-
3844 620 3847 747 ff

569 777 792 844 anima
836 776 1130 845 humana
1149 828 1166 859 ,
1229 798 1404 865 quae
1447 778 1522 845 fit
1565 777 1779 845 sciens
1823 778 1888 847 in
1931 780 2167 848 effectu
2186 828 2207 860 ,
2274 784 2625 865 postquam
2672 778 2796 847 ruit
2838 782 3038 847 anm
3844 766 3847 815 ¹

571 890 784 957 sciens
843 890 910 957 in
973 892 1292 977 potentia.
1381 910 1516 959 non
1581 892 1658 959 tlt
1717 894 1944 961 autem
2002 892 2213 959 sciens
2274 892 2343 960 in
2400 894 2637 961 effectu
2682 893 2808 961 nisi
2850 896 3037 978 post-

569 1022 772 1087 quam
833 1004 1208 1090 adquisitae
1267 1008 1424 1071 sunt
1485 1005 1552 1071 in
1609 1024 1690 1073 ea
1733 1004 1985 1074 formae
2028 1024 2171 1073 esse
2214 1024 2435 1073 rerum
2478 1004 2841 1072 ministerio
2884 1025 3035 1072 sen·

571 1136 764 1183 suum
827 1121 894 1184 et
957 1117 1170 1183 forma
1221 1118 1607 1201 quidditatis
1649 1136 1879 1185 earum
1921 1136 2043 1203 per
2084 1116 2577 1186 meditationem
2624 1121 2695 1185 et
2736 1118 3037 1185 conside-
3090 1142 3123 1182 ι

573 1230 916 1297 rationem.
1025 1229 1198 1299 scias
1278 1229 1474 1313 igitur
1533 1228 1714 1315 quod
1775 1250 2037 1315 semper
2094 1230 2367 1299 seientia
2426 1230 2669 1299 horum
2730 1231 3035 1309 duormn.

570 1341 812 1409 seilicet
873 1362 962 1410 an
1017 1338 1120 1409 est
1163 1347 1230 1409 et
1273 1343 1432 1428 quid
1477 1346 1580 1411 est
1597 1390 1618 1425 ,
1683 1342 1932 1411 inititur
1976 1348 2117 1411 tota
2162 1342 2407 1411 fabrica
2450 1343 2877 1412 scientiarum
2918 1344 3037 1411 de-

571 1456 1176 1523 monstratiuarum.
1268 1456 1452 1524 uerbi
1495 1456 1746 1539 gratia:
1793 1456 1860 1525 in
1903 1458 2219 1543 principio
2262 1458 2457 1543 primi
2500 1457 2651 1525 libri
2696 1456 3035 1525 Euclidis

569 1573 904 1651 ponuntur
965 1588 1212 1637 nouem
1255 1574 1417 1637 nota
1465 1606 1546 1619 --
1595 1590 1768 1655 quae
1811 1575 1969 1639 sunt
2008 1570 2223 1655 prima
2266 1570 2692 1654 intelligibilia
2712 1620 2731 1653 ,
2796 1570 3037 1655 quibus

573 1680 1014 1749 mediantibus
1057 1682 1423 1767 probantur
1465 1688 1722 1753 ceterae
1765 1684 2185 1769 quaestiones
2228 1722 2315 1734 -—
2360 1704 2537 1769 quae
2579 1687 2739 1751 sunt
2780 1683 2985 1751 baec:
3061 1704 3121 1745 ιο

783 1794 880 1881 (1)
926 1814 1380 1881 quaecumque
1423 1796 1728 1881 aequalia
1773 1796 2006 1877 eidem,
2051 1800 2119 1863 et
2162 1796 2333 1865 inter
2374 1816 2469 1865 se.

787 1906 883 1993 (2)
963 1910 1020 1975 si
1103 1908 1488 1993 aequalibus
1567 1909 1872 1995 aequalia
1933 1909 2299 1989 addantur,
2382 1912 2525 1977 tota
2586 1928 2857 1995 quoque
2916 1930 3035 1977 ae-

567 2020 788 2106 qualia
831 2020 1016 2088 fiunt.
3795 2068 3805 2073 -

779 2133 875 2220 (3)
939 2134 995 2201 si
1059 2134 1144 2202 de
1197 2071 1582 2220 aequalibus
1625 2135 1930 2219 aequalia
1972 2134 2399 2216 dirimantur,
2462 2154 2639 2220 quae
2684 2139 3031 2203 remanent
3778 2128 3785 2133 ’
3845 2142 3847 2203 i

565 2246 866 2331 aequalia
909 2247 1094 2315 sunt.
3060 2271 3116 2313 ιι
3210 2274 3221 2285 ·

779 2358 876 2447 (4)
949 2362 1005 2427 si
1071 2360 1521 2445 inaequalibus
1581 2362 1886 2445 aequalia
1948 2360 2315 2443 addantur,
2396 2365 2539 2428 tota
2600 2381 2892 2447 quoque.
2932 2362 3033 2427 in-

565 2473 863 2557 aequalia
910 2473 1098 2540 fiunt.

777 2583 874 2671 (5)
937 2586 992 2652 si
1056 2585 1142 2653 de
1204 2585 1654 2670 inaequalibus
1705 2586 2009 2671 aequalia
2052 2586 2366 2653 tollantur
2382 2635 2403 2666 ‚
2466 2605 2643 2671 quae
2688 2590 3033 2655 mnianent

566 2716 829 2781 quoque
875 2696 1246 2782 inaequalia
1289 2701 1501 2767 erunt.

779 2808 876 2896 (6)
923 2811 1128 2895 dupla
1172 2812 1464 2880 eiusdem
1509 2812 1600 2879 rei
1648 2812 1951 2897 aequalia
1995 2814 2172 2879 sunt.
3055 2836 3116 2879 so

779 2922 875 3009 (7)
921 2924 1194 2992 dimidia
1240 2926 1534 2993 eiusdem
1581 2925 1678 2993 rei
1723 2926 2023 3010 aequalia
2068 2930 2239 2993 sunt.

778 3036 875 3122 (8)
932 3057 1387 3125 quaecumque
1429 3040 1833 3125 quantitates
1877 3038 1999 3105 sibi
2042 3040 2497 3125 superpositae
2540 3060 2677 3106 non
2720 3058 2795 3105 se
2840 3058 3030 3105 exce·

565 3150 752 3229 dunt,
797 3151 1108 3235 aequales
1153 3157 1327 3219 sunt.
1417 3153 1656 3221 etiam.
3784 3237 3792 3257 ‚

778 3262 874 3349 (9)
921 3267 1134 3330 totum
1181 3267 1394 3332 maius
1437 3269 1540 3332 est
1583 3284 1704 3332 sua
1747 3270 1957 3350 parte.
2486 3266 2493 3275 ”
2820 3267 2831 3279 ”
3006 3269 3013 3278 ’
3782 3260 3800 3341 'i

774 3376 938 3444 haec
1001 3382 1224 3444 autem
1290 3380 1510 3445 omnia
1566 3378 1805 3445 iudicia
1869 3382 2131 3461 sumpta
2174 3382 2329 3443 sunt
2373 3398 2453 3443 ex
2498 3377 2605 3443 his
2648 3396 2825 3462 quae
2868 3381 3025 3443 sunt
3048 3398 3109 3441 ss
3771 3370 3795 3383 ’“

561 3494 720 3555 nota
779 3492 1008 3573 primis
1069 3492 1498 3559 intellectibus
1559 3492 1957 3576 aequaliterg
2028 3496 2095 3559 et
2156 3490 2589 3573 intelligentes
2650 3510 2789 3558 non
2832 3490 3021 3558 diffe-

563 3607 715 3669 runt
776 3604 841 3669 in
905 3603 1130 3688 aliquo
1191 3604 1488 3684 illorum,
1561 3605 1676 3671 sed
1741 3604 1808 3671 id
1869 3604 1937 3671 in
2002 3623 2135 3689 quo
2196 3603 2509 3670 differunt
2568 3608 2671 3671 est
2732 3604 2799 3671 id
2842 3604 3024 3687 quod
3780 3546 3799 3641 f

563 3716 1011 3783 consideratur
1053 3716 1413 3785 secundum
1458 3736 1560 3784 ea.

773 3830 958 3897 Scias
1019 3834 1242 3897 autem
1307 3829 1485 3914 quod
1549 3827 1714 3923 llaec
1757 3835 1824 3897 et
1866 3829 1969 3897 his
2012 3830 2248 3896 similia
2293 3834 2619 3896 uocantur
2660 3830 2877 3914 prima
2918 3830 3019 3895 in-
3774 3776 3795 3903 l
3845 3816 3847 3897 ἶ

557 3941 844 4022 tellecta,
915 3963 997 4009 eo
1059 3943 1238 4030 quod
1283 3962 1513 4009 omnes
1559 3916 1985 4026 intelligentes
2028 3945 2311 4040 noscunt
2354 3962 2473 4021 ea:
2538 3963 2663 4009 nec
2704 3942 3018 4009 differunt
3042 3959 3099 4001 so
3774 3921 3791 3997 l

415 4140 420 4143 Ι
557 4057 623 4123 in
674 4057 788 4138 οἷς,
833 4077 983 4124 cum
1027 4055 1586 4123 considerauerint
1629 4076 1728 4136 ea,
1777 4057 2053 4123 multum
2094 4056 2510 4141 speculantes
2554 4077 2657 4123 ea.
2748 4075 2883 4122 non
2914 4056 3018 4121 est

559 4174 780 4237 autem
843 4170 1209 4235 differentia
1271 4167 1439 4233 inter
1501 4168 1928 4253 intelligentes
1990 4170 2115 4237 nisi
2178 4170 2245 4237 in
2306 4169 2411 4237 his
2474 4188 2649 4254 quae
2680 4231 2687 4237 .
2722 4168 3018 4235 sciuntur

559 4283 1055 4369 prolmtionibus
1119 4282 1186 4346 et
1247 4282 1941 4361 argumentationibus.
2032 4284 2232 4351 causa
2282 4302 2444 4349 uero
2488 4281 2899 4348 differentiae
2938 4278 3016 4346 il·

561 4396 772 4463 lorum
837 4396 902 4463 in
957 4393 1080 4460 illis
1125 4411 1260 4460 non
1305 4394 1406 4459 est
1448 4393 1572 4461 nisi
1617 4396 1967 4463 multitudo
2010 4395 2455 4463 maneriarum
2499 4394 3017 4478 argumentatio-

760 4589 793 4644 '1
847 4586 1066 4644 inititur
1091 4587 1106 4652 1
1134 4586 1339 4641 aanor
1391 4586 1450 4641 N
1493 4586 1761 4655 (.innitur⁴
1781 4588 1840 4654 Ῥ)
2002 4588 2073 4645 22
2102 4588 2483 4661 superpositae
2509 4588 2523 4658 Ι
2550 4586 2839 4659 supponite
2870 4588 3027 4660 (dan

562 4678 868 4748 supposito)
905 4678 964 4733 Ν
1014 4676 1458 4749 superpositione
1513 4678 1564 4732 l'
1731 4680 1798 4733 ⁴25
1830 4684 2015 4735 autem
2046 4678 2221 4747 item
2267 4679 2317 4733 V
2480 4678 2551 4735 2¹1
2586 4676 2647 4735 in
2684 4676 2875 4749 aliquo
2908 4716 2925 4735 .
2954 4714 2977 4732 .
3008 4716 3025 4733 .

562 4766 826 4823 differant
849 4766 863 4836 Ι
886 4769 1023 4839 [ὠὴ
1060 4768 1123 4824 N
1147 4768 1686 4835 (mammaeam)
1811 4768 1876 4825 81
1913 4770 2261 4841 speculantes
2286 4770 2301 4836 Ι
2326 4770 2641 4843 mentite·
2674 4766 2731 4824 N

2478 4866 2597 4932 4⁸⁸
