3867 5384
856 458 926 512 ω
1960 420 2217 510 lii-kima
2320 490 2327 497 .
2364 480 2371 487 -

1071 590 1266 672 Quod
1327 593 1552 659 autem
1617 589 1780 658 dixit
1841 588 2027 675 quod
2072 609 2273 657 causa
2318 589 2404 656 sit
2450 588 2816 656 essentialis
2860 589 2990 669 rei,
3047 610 3183 656 non
3228 593 3329 657 est

859 707 986 773 nisi
1029 706 1186 791 quia
1229 704 1322 772 rei
1366 704 1590 787 aliquo
1633 704 1834 770 modo
1879 694 2035 769 sunt
2080 723 2319 771 causae
2362 704 2613 770 multae
2656 701 3115 769 accidentales.
3206 702 3330 770 sed

860 839 994 886 non
1041 822 1310 887 currunt
1353 836 1474 901 per
1515 837 1746 884 omnes
1791 816 2042 901 species
2086 816 2257 883 illius
2302 817 2580 899 generis,
2624 836 2750 883 nec
2791 836 2914 902 per
2957 815 3184 883 omnia
3228 816 3331 881 in-

861 932 1134 1001 diuidua
1197 930 1472 1016 speciei,
1535 929 1706 997 sieut
1765 929 2003 996 occisio
2058 949 2231 1013 quae
2275 934 2377 997 est
2420 949 2623 998 causa
2666 929 3089 997 accidentalis
3135 924 3331 996 morti

808 1074 835 1113 5
861 1066 998 1112 non
1055 1065 1324 1111 currens
1366 1064 1487 1130 per
1529 1062 1759 1110 omncs
1803 1042 2054 1127 species
2100 1043 2260 1111 eius·
2352 1044 2477 1111 sed
2520 1064 2793 1111 necesse
2838 1046 2940 1111 est
2984 1064 3129 1109 esse
3174 1063 3333 1110 cau·

863 1180 1010 1227 sam
1073 1158 1486 1227 essentialem
1509 1206 1526 1237 ‚
1589 1156 1682 1223 ad
1744 1155 1869 1223 hoc
1940 1159 2017 1223 ut
2075 1158 2436 1241 propositio
2480 1157 2780 1225 iudicans
2822 1158 2910 1224 sit
2954 1176 3115 1223 uera
3178 1159 3337 1223 ante

866 1271 1362 1340 conuersionem
1426 1274 1493 1337 et
1551 1272 1704 1354 post
1723 1318 1740 1349 ,
1802 1270 1973 1352 sicut
2036 1270 2091 1335 si
2158 1270 2436 1339 dixeris:
2500 1292 2701 1339 omne
2745 1272 3001 1338 habens
3044 1270 3335 1337 colorem

865 1391 968 1454 est
1029 1405 1268 1469 corpus
1288 1434 1305 1466 ‚
1369 1404 1448 1453 eo
1511 1382 1692 1467 quod
1752 1383 1911 1450 nihil
1966 1384 2297 1453 inuenitur
2339 1384 2595 1452 habens
2640 1379 2927 1453 colorem
2975 1384 3156 1469 quod
3199 1403 3337 1450 non

867 1500 953 1567 sit
1015 1519 1274 1583 corpus.
1363 1498 1560 1581 igitur
1615 1516 1854 1581 corpus
1900 1501 2004 1564 est
2048 1516 2249 1565 causa
2294 1499 2660 1565 essentialis
2705 1498 2980 1565 habenti
3025 1498 3337 1565 colorem.

789 1640 842 1683 10
1080 1600 1275 1691 Quod
1347 1616 1571 1679 autem
1642 1610 1805 1677 dixit
1875 1610 2057 1695 quod
2126 1606 2495 1696 propositio
2562 1611 2649 1678 sit
2724 1610 3146 1693 uniuersalis,
3239 1616 3341 1679 est

866 1731 1140 1814 propter
1203 1724 1332 1793 hoc
1385 1723 1564 1808 quod
1610 1724 2061 1792 conclusiones
2106 1744 2187 1792 ex
2229 1725 2791 1811 propositionibus
2834 1725 3343 1809 particularibus

869 1860 1004 1907 non
1067 1830 1240 1905 sunt
1273 1838 1682 1907 necessariae
1725 1838 1842 1905 sed
1885 1838 2249 1922 possibiles.
2341 1839 2509 1906 sicut
2552 1838 2611 1905 si
2665 1838 2947 1907 dixerist
3015 1838 3345 1907 Iohannes

869 1958 972 2021 est
1033 1953 1248 2020 scriba
1268 2002 1285 2031 ‚
1351 1956 1420 2019 et
1479 1952 1748 2036 quidam
1811 1952 2029 2019 scriba
2073 1956 2174 2019 est
2221 1952 2413 2020 iudex
2435 2001 2453 2034 ‚
2518 1953 2720 2035 igitur
2762 1952 3077 2037 possibile
3122 1955 3225 2019 est
3269 1955 3347 2019 ut

869 2067 1196 2134 Iohannes
1257 2066 1341 2134 sit
1403 2066 1618 2133 iudex.
1729 2064 1846 2133 sed
1908 2084 2075 2131 cum·
2124 2064 2362 2131 dixeris
2414 2066 2601 2150 quod
2648 2067 2863 2134 omnis
2906 2066 3124 2133 scriba
3167 2064 3343 2149 legit,

795 2207 846 2249 ιε,
873 2180 990 2247 sed
1033 2178 1360 2247 Iohannes
1405 2183 1505 2246 est
1547 2179 1783 2258 scriba,
1829 2180 1987 2246 tunc
2030 2180 2403 2246 necessario
2444 2180 2776 2247 Iohannes
2821 2182 2947 2247 erit
2989 2179 3237 2263 legens.

1088 2293 1282 2373 Quod
1345 2297 1567 2360 autem
1623 2292 1784 2358 dixit
1828 2292 2009 2377 quod
2052 2292 2468 2379 praedicatus
2514 2294 2602 2361 sit
2644 2295 2864 2379 primo
2908 2294 2979 2361 in
3023 2294 3347 2372 subiecto,

876 2410 976 2475 est
1019 2409 1290 2491 propter
1331 2406 1460 2474 hoc
1504 2406 1682 2491 quod
1726 2405 2108 2491 praedicata
2152 2411 2307 2474 sunt
2352 2408 2418 2475 iu
2462 2408 2762 2476 subiecto
2808 2408 3073 2476 duobus
3099 2408 3347 2475 modis:

876 2522 1208 2607 quaedam
1269 2522 1484 2605 primo
1505 2570 1522 2599 ‚
1585 2520 1914 2605 quaedam
1981 2519 2387 2589 secundario.
2479 2522 2669 2589 uerbi
2712 2522 2927 2604 gratia
2947 2571 2965 2604 ‚
3026 2542 3173 2589 esse
3216 2525 3353 2588 tres

878 2636 1156 2719 angulos
1218 2634 1286 2700 in
1348 2634 1528 2701 omni
1589 2634 1914 2719 triangulo
1978 2637 2079 2703 est
2138 2655 2282 2703 esse
2342 2636 2558 2719 primo
2578 2684 2599 2716 ,
2664 2656 2745 2703 eo
2810 2636 2993 2721 quod
3035 2636 3204 2704 haec
3248 2638 3352 2703 est

800 2773 854 2815 ω
879 2750 1093 2816 forma
1137 2748 1542 2815 constituens
1587 2768 1757 2815 eum.
1835 2748 1953 2815 sed
1996 2747 2180 2833 quod
2225 2749 2356 2816 sint
2398 2749 2623 2832 anguli
2658 2746 2844 2817 ‘acuti
2892 2749 3000 2817 uel
3046 2750 3207 2817 recti
3244 2748 3351 2817 uel

880 2862 1165 2946 amplius
1184 2909 1203 2942 ‚
1265 2860 1396 2928 hoc
1457 2865 1558 2929 est
1624 2881 1768 2928 esse
1829 2862 2239 2929 secundario.
2330 2862 2464 2929 iam
2518 2864 2717 2944 igitur
2761 2863 3183 2931 manifestum
3229 2867 3353 2943 est,

883 2974 1066 3060 quod
1130 2994 1268 3042 non
1313 2974 1549 3059 accipit
1593 2974 1660 3040 in
1707 2976 2273 3057 argumentatione
2317 2976 2843 3045 demonstratiua
2888 2978 3014 3043 nisi
3058 2978 3367 3062 proprie-'

880 3094 1055 3159 tates
1119 3088 1503 3157 assentialoe
1565 3088 2031 3155 substantiales
2052 3138 2070 3170 ‚
2133 3109 2306 3174 quae
2366 3092 2523 3155 sunt
2586 3090 2837 3157 formae
2884 3091 3360 3157 constituentes

883 3223 1044 3298 rem.
1137 3205 1206 3271 et
1259 3222 1378 3287 per
1423 3222 1538 3269 eas
1582 3201 1739 3268 illud
1785 3202 2095 3269 iudicium
2140 3202 2511 3287 quaesitum
2532 3250 2551 3283 ‚
2617 3203 2799 3289 quod
2847 3204 3050 3271 exibit
3094 3204 3361 3272 conclu-

804 3344 858 3386 ει
885 3318 1090 3399 sione,
1137 3316 1261 3385 erit
1305 3318 1618 3403 certum„
1753 3332 1762 3341 ·
1965 3306 1975 3315 ⁸

1097 3430 1283 3498 Scias
1327 3432 1550 3498 autem
1595 3430 1776 3514 quod
1817 3428 2253 3515 proprietates
2290 3429 2673 3498 essentiales
2698 3430 3085 3497 diuiduntur
3113 3431 3179 3497 in
3206 3434 3365 3513 tres,

887 3544 1130 3611 scilicet
1173 3542 1530 3625 generales,
1578 3543 1915 3627 speciales,
1970 3543 2421 3624 indiuidualoe‚
2468 3544 2638 3612 sicut
2674 3544 2809 3612 iam
2856 3538 3267 3612 ostendimus
3294 3546 3363 3614 in

889 3658 1168 3744 epistola
1198 3657 1630 3739 isagogarum.
1705 3656 1854 3724 dico
1891 3660 2117 3725 autem
2145 3661 2212 3725 et
2242 3656 2385 3727 sine
2422 3658 2627 3749 dubio
2669 3657 2885 3725 iudico
2926 3659 3107 3742 quod
3146 3660 3365 3726 omnis

887 3771 1256 3856 proprietas
1281 3770 1600 3851 generalis
1626 3789 1786 3837 uera
1813 3774 1913 3839 est
1940 3770 2331 3853 necessario,
2368 3792 2519 3838 cum
2552 3772 2791 3839 dicitur
2820 3770 2905 3839 de
2937 3775 3081 3838 toto
3111 3771 3223 3839 illo
3250 3791 3366 3854 ge-

809 3916 864 3957 an
889 3904 1068 3953 nere.
1099 3882 1393 3950 similiter
1417 3882 1630 3949 omnis
1655 3884 2023 3969 proprietas
2050 3884 2349 3969 specialis
2374 3905 2534 3952 uera
2555 3889 2659 3952 est
2674 3884 3068 3967 necessario,
3095 3905 3246 3952 cum
3266 3886 3367 3953 di·

803 3990 812 3999 ’
889 4000 1060 4066 citur
1083 3998 1168 4065 de
1210 3996 1516 4063 onmibus
1545 3996 1896 4064 indiuiduis
1920 3996 2091 4065 illius
2134 3997 2391 4083 speciei.
2484 4002 2553 4067 et
2580 3998 2713 4067 hae
2748 4001 2905 4065 sunt
2928 4000 3369 4085 proprietates

893 4132 1066 4196 quae
1129 4112 1371 4177 exeunt
1431 4110 1498 4176 in
1562 4110 1979 4179 conclusione
2040 4131 2239 4181 uerae
2266 4115 2352 4179 'et
2396 4116 2638 4181 certae.
2732 4104 2963 4181 exerce
3006 4113 3209 4195 igitur
3250 4134 3369 4183 eas

895 4226 962 4293 in
1007 4224 1570 4293 demonstratione
1613 4228 1680 4291 et
1725 4224 1942 4293 iudica
1984 4244 2106 4311 per
2148 4246 2281 4295 eas.
2372 4226 2813 4313 proprietates
2858 4230 3084 4295 autem
3130 4225 3370 4293 indiui-

1098 4459 1132 4516 '1
1165 4458 1311 4515 sient
1337 4459 1352 4528 Ι
1377 4457 1460 4515 sle
1493 4458 1557 4515 N
1667 4510 1672 4515 .
1701 4458 1770 4515 10
1797 4460 1875 4516 sit
1899 4460 1912 4521 Ι
1940 4408 2027 4517 :t
2060 4460 2119 4517 N
2268 4460 2331 4517 11
2366 4459 2846 4535 propositionibus
2870 4460 2885 4531 Ι
2911 4458 3279 4533 opinionibus
3310 4460 3377 4519 N

899 4566 966 4657 μδ
997 4566 1164 4624 ludex
1191 4568 1206 4634 Ι
1231 4570 1254 4622 1
1283 4566 1390 4654 dex
1423 4566 1488 4623 N
1651 4566 1716 4623 14
1747 4566 1993 4636 dixeri-1
2018 4560 2219 4653 digerit
2253 4568 2376 4625 NV
2526 4568 2593 4625 16
2626 4567 2700 4625 sit
2732 4566 2915 4641 prlmo
2941 4566 2956 4637 Ι
2983 4566 3167 4641 primo
3202 4566 3280 4625 nit
3325 4568 3379 4623 V

900 4708 964 4765 re
997 4706 1285 4779 mutem
1319 4705 1383 4763 Ν
1544 4706 2125 4778 mmeaoummoem
2170 4708 2223 4762 ν
2382 4708 2771 4779 mantum
2807 4666 3373 4779 tta-esaiam·-

898 4799 1120 4856 θοι-ιν
1244 4799 2297 4873 ”mantuanus-notamur
2420 4798 2797 4873 ctflquodN
