3867 5384
845 480 919 536 m
1855 472 1862 477 ’
1948 479 2203 539 Al-xindi

847 618 934 682 rit
993 616 1294 685 accidens
1314 666 1333 699 ,
1395 618 1698 685 accidens
1758 620 1984 684 autem
2041 636 2178 683 non
2238 620 2340 683 est
2380 607 2515 683 'nisi
2564 617 2630 682 in
2672 618 3042 686 substantia
3061 667 3079 699 ‚
3145 621 3302 684 tunc

849 729 1132 799 inanitas
1192 752 1326 798 non
1390 732 1534 801 erit.
1625 732 1681 799 si
1742 733 1965 799 autem
2018 750 2223 798 unum
2268 730 2459 797 fucrit
2502 730 2871 797 substantia
2914 733 2981 796 et
3022 729 3299 797 alterum

849 844 1170 975 accidens,
1211 830 1510 913 similiter
1553 844 1679 912 erit
1719 844 2045 913 iudicium.

1065 956 1583 1045 [Demonstmtio
1645 959 1823 1045 quod
1887 962 2069 1027 extra
2130 957 2451 1025 mundum
2511 977 2634 1025 nec
2696 961 2800 1023 est
2854 955 3139 1023 inanitas
3180 974 3303 1023 nec

795 1096 825 1137 ³
848 1069 1169 1158 plenum]

809 1202 816 1209 ·
957 1187 968 1195 ”
1065 1186 1224 1253 Item
1271 1186 1746 1254 demonstratio
1791 1185 1968 1269 quod
2011 1188 2197 1252 extra
2240 1183 2561 1251 mundum
2606 1200 2753 1251 nec
2760 1187 2873 1251 'est
2916 1181 3217 1267 aliquid·
3200 1202 3300 1247 in-

853 1318 980 1365 ane
1041 1318 1162 1366 nec
1223 1299 1512 1384 plenum.
1601 1299 1771 1367 scias
1833 1301 2053 1366 autem
2098 1299 2285 1382 quod
2330 1296 2613 1366 inmiitas
2656 1301 2726 1363 et
2768 1295 3104 1381 plenitudo
3147 1299 3303 1362 sunt

853 1411 1284 1495 proprietates
1344 1413 1491 1480 loci.
1581 1413 1761 1479 locus
1822 1432 1983 1480 uero
2034 1414 2135 1479 ost
2179 1432 2313 1479 una
2358 1412 2442 1478 de
2484 1413 2995 1498 proprietatibus
3038 1409 3302 1500 [totius]

856 1524 1161 1609 corporis.
1252 1524 1308 1592 si
1351 1528 1576 1601 autem
1622 1526 1813 1594 fuerit
1857 1529 2039 1593 extra
2082 1526 2335 1593 caelum
2384 1526 2649 1611 aliquod
2695 1546 2935 1611 corpus
2949 1573 2968 1606 ‚
3014 1528 3137 1594 no's
3180 1545 3303 1593 au-

777 1640 989 1703 notem
1055 1638 1122 1703 in
1180 1637 1306 1705 hoc
1367 1638 1546 1723 quod
1611 1637 1886 1706 dicimus
1927 1638 2268 1719 mundum,
2330 1659 2467 1705 non
2520 1640 2938 1721 intelligimus
2979 1640 3103 1706 nisi
3146 1638 3305 1706 illud

855 1769 1092 1835 corpus
1137 1771 1284 1818 cum
1321 1752 1447 1820 hac
1501 1755 1644 1821 tota
1686 1752 2128 1830 unium-sitae,
2174 1755 2331 1819 tunc
2374 1752 2711 1836 quomodo
2756 1756 2940 1820 extra
2986 1754 3301 1821 mundum

856 1864 980 1930 erit
1020 1863 1288 1949 aliquod
1331 1864 1511 1934 aliud
1529 1870 1564 1933 Ρ
2022 1878 2029 1883 ’

1071 1976 1505 2067 [Capitulum]
1569 1980 1654 2046 dc
1713 1979 1840 2047 hoc
1899 1979 2079 2064 quod
2143 1979 2473 2062 sapientes
2533 1978 2779 2046 dicunt
2822 1977 3061 2067 [aliud]
3124 1979 3304 2064 quod

859 2090 1144 2157 mundus
1189 2092 1292 2159 uel
1335 2096 1438 2159 est
1481 2074 1792 2177 antiquus
1837 2093 1943 2160 uel
1985 2096 2085 2160 est
2127 2091 2444 2160 nouicius.

785 2217 836 2259 ¹⁵
1073 2205 1204 2271 Sed
1283 2204 1340 2271 si
1419 2226 1540 2290 per
1617 2207 1961 2291 antiquum
2020 2204 2384 2288 intelligunt
2444 2205 2913 2289 longitudinem
2976 2138 3306 2291 temporis

864 2321 1019 2385 t'unc
1075 2336 1306 2385 uei-um
1350 2325 1452 2387 est
1495 2321 1674 2404 quod
1717 2320 1963 2388 dicunt.
2050 2320 2109 2385 si
2154 2338 2313 2387 uero
2358 2317 2723 2401 intelligunt
2768 2318 2947 2403 quod
2992 2340 3125 2386 non
3166 2340 3309 2386 ces-

863 2430 1037 2497 sauit
1095 2452 1238 2499 esse
1299 2434 1550 2500 stabilis
1611 2433 1677 2501 in
1739 2454 1862 2500 sua
1905 2432 2245 2500 identitate
2264 2482 2281 2511 ‚
2323 2452 2479 2517 qua
2523 2432 2661 2515 ipse
2708 2436 2811 2499 est
2854 2432 3051 2499 modo
3072 2482 3089 2513 ,
3152 2436 3310 2501 tunc

865 2563 1000 2609 non
1041 2550 1143 2612 est
1187 2566 1435 2614 uerum.
1527 2547 1811 2615 mundus
1855 2540 2027 2615 enim
2070 2564 2205 2612 non
2250 2549 2352 2613 est
2390 2545 2646 2613 stabilis
2691 2545 2759 2611 in
2804 2564 2927 2611 sua
2971 2545 3310 2614 identitate

865 2655 932 2723 in
995 2677 1128 2725 una
1187 2658 1614 2745 dispositione
1678 2680 1811 2729 uno
1856 2661 1987 2728 ictu
2028 2658 2219 2728 oculi.
2310 2661 2470 2727 tunc
2512 2659 2721 2726 multo
2766 2658 2983 2726 minus
3024 2658 3311 2728 cessauit

785 2784 841 2825 ω
866 2770 1224 2837 secundum
1285 2775 1472 2857 quod
1523 2773 1664 2859 ipse
1707 2776 1806 2841 est
1851 2773 2065 2841 modo.
2156 2773 2313 2840 item
2356 2772 2425 2839 in
2468 2793 2549 2839 co
2592 2773 2775 2858 quod
2819 2772 3146 2857 sapientes
3188 2792 3311 2840 no-

865 2884 1119 2953 minant
1179 2886 1498 2953 mundum
1560 2906 1694 2953 non
1757 2887 2117 2967 intelligunt
2168 2886 2290 2953 nisi
2337 2885 2657 2953 mundum
2702 2905 3090 2971 corporeum
3114 2934 3132 2967 ‚
3196 2886 3311 2971 qui

867 3000 968 3064 est
1012 2997 1293 3066 duarum
1338 3000 1700 3083 specierum
1719 3049 1738 3081 ,
1802 3000 2041 3068 scilicet
2084 2999 2382 3067 caelestis
2426 3003 2496 3066 et
2536 2999 2873 3066 naturalis.
2964 3017 3311 3083 corporum

868 3115 1110 3191 autem,
1155 3132 1326 3196 quae
1369 3118 1525 3180 sunt
1567 3114 1692 3179 sub
1734 3114 1974 3181 circulo
2014 3113 2233 3193 lunae,
2274 3115 2429 3179 sunt
2472 3112 2645 3180 duae
2688 3110 2959 3197 species.
3048 3132 3183 3179 una
3210 3116 3315 3179 est

870 3224 1192 3294 elementa
1251 3227 1584 3309 generalia
1645 3230 1712 3295 et
1771 3227 1902 3294 alia
1959 3230 2273 3311 generata
2334 3225 2705 3307 singularia.
2795 3230 3109 3308 generata
3150 3244 3312 3292 uero

787 3351 841 3393 ²⁵
867 3358 1126 3423 semper
1183 3343 1337 3407 sunt
1379 3340 1448 3406 in
1490 3340 1910 3424 generatione
1954 3343 2019 3407 et
2061 3338 2515 3423 corruptione3
2588 3336 2709 3405 sed
2753 3337 3076 3406 elementa
3114 3358 3313 3423 gene-

869 3452 1031 3520 ralia
1083 3458 1236 3520 sunt
1277 3474 1538 3538 semper
1581 3454 1649 3521 in
1693 3454 2011 3521 uarietate
2054 3457 2122 3521 et
2166 3451 2574 3520 alteratione.
2664 3451 2791 3519 hoc
2834 3454 3057 3519 autem
3102 3450 3313 3517 mani·

870 3565 1104 3633 festum
1184 3568 1285 3633 est
1344 3566 1862 3651 speculatoribus
1922 3566 2338 3633 naturalium.
2446 3584 2723 3649 corpora
2783 3584 2945 3632 uero
3007 3564 3315 3633 caelestia

869 3682 1026 3744 sunt
1075 3698 1334 3763 semper
1375 3680 1442 3746 in
1487 3684 1674 3747 motu
1718 3683 1785 3749 et
1827 3679 2307 3765 permutatione
2350 3677 2710 3746 secundum
2754 3676 3117 3745 distantias.
3200 3676 3315 3745 ubi

871 3791 1066 3875 igitur
1109 3792 1232 3859 erit
1273 3792 1598 3860 stabilitas
1639 3792 1780 3861 eius
1823 3791 2177 3861 secundum
2222 3812 2421 3859 unam
2468 3790 2961 3876 dispositionem
2976 3794 3011 3857 1³

792 3918 847 3959 ω
1083 3904 1154 3973 Si
1215 3910 1438 3973 autem
1500 3924 1620 3991 per
1679 3906 2097 3975 stabilitatem
2162 3905 2527 3989 intelligunt
2586 3906 2865 3973 formam
2928 3907 2997 3972 et
3036 3904 3313 3987 figuram

871 4016 1278 4103 sphaericam
1299 4067 1318 4100 ‚
1381 4038 1556 4103 quae
1600 4022 1700 4087 est
1742 4018 1804 4087 ei
1847 4019 1915 4087 in
1958 4017 2262 4087 omnibus
2304 4013 2483 4105 horis
2503 4066 2522 4100 ‚
2577 4018 2789 4086 sciunt
2830 4019 2973 4083 tum
3015 4015 3196 4102 quod
3238 4018 3317 4085 fl-

1076 4258 1100 4309 1
1139 4254 1197 4312 ln
1224 4254 1398 4324 ltdou
1431 4254 1496 4311 N
1523 4254 1904 4325 atumem
1946 4254 1993 4308 Υ
2140 4251 2179 4309 2
2210 4250 2451 4310 intuitu
2476 4252 2490 4323 Ι
2518 4248 2805 4309 inbonitas
2848 4250 2956 4307 VN
3113 4249 3292 4318 4-51

875 4346 1207 4417 Bandobene
1260 4362 1364 4402 ron
1409 4352 1663 4418 epam-or
1709 4346 1885 4403 Hand
1933 4345 1993 4402 Ν
2031 4344 2185 4415 fehlt
2238 4344 2284 4399 Υ
2446 4348 2485 4398 8
2514 4340 2725 4415 [witus]
2752 4342 2764 4413 Ι
2790 4342 2968 4429 tuctu!
3002 4342 3066 4399 N
3088 4342 3227 4413 tem
3272 4342 3325 4396 Υ

879 4453 946 4508 12
977 4438 1201 4525 aliquod
1231 4452 1400 4523 lt'ehle
1433 4454 1500 4510 N
1531 4468 1632 4509 con
1663 4458 1914 4525 sperem
1945 4452 2117 4509 Hand
2148 4452 2521 4524 oso-qaenam
2570 4450 2620 4507 Υ
2719 4451 2783 4508 u
2816 4448 3071 4509 noulcluu
3096 4448 3108 4519 Ι
3134 4462 3321 4505 nouus

878 4543 940 4598 N
1093 4544 1160 4600 18
1191 4542 1338 4601 aliud
1369 4545 1821 4616 ldunhdrtchen
1869 4546 1920 4601 Υ
2046 4544 2109 4601 17
2143 4542 2429 4601 identitate
2454 4544 2468 4614 Ι
2498 4542 2841 4616 ιᾶειιιριὶιιιο
2890 4542 2941 4599 Υ
3071 4538 3135 4597 18
3166 4537 3321 4597 uen-

879 4634 1035 4693 titate
1063 4636 1074 4705 1
1101 4636 1454 4708 ydemptitnte
1487 4636 1550 4693 N
1581 4634 1922 4709 idemptltnto
1968 4636 2015 4690 Υ
2160 4634 2231 4692 22
2262 4638 2347 4692 eut
2369 4635 2383 4705 Ι
2408 4638 2496 4693 ent
2518 4634 2730 4709 speeies
2761 4633 2825 4691 N
2972 4632 3039 4689 81
3070 4630 3321 4705 sphaeri-

878 4726 1836 4801 umltpieiNt‘nndncnmoe·
2096 4738 2107 4747 ·
