3867 5384
829 590 902 647 42
1891 548 1894 553 Ι
1930 591 2019 645 Al·
2022 589 2189 647 Kindi

832 732 1126 800 sciuntur
1187 752 1310 815 per
1369 732 1481 799 illa
1534 734 1602 799 et
1641 752 1848 815 quare
1892 731 2025 798 sint
2066 734 2351 816 quatuor
2399 734 2681 811 tantum,
2742 752 2865 799 nec
2906 731 3129 817 plures
3170 751 3293 798 nec

834 846 1193 933 pauciores.
1285 866 1488 913 causa
1533 864 1688 912 uero
1733 844 1926 911 huius
1970 848 2071 911 est
2110 844 2303 913 haec.

1049 960 1188 1025 lam
1253 959 1429 1026 enim
1491 963 1826 1025 ostensum
1887 963 1987 1025 est
2029 957 2093 1023 in
2140 958 2518 1041 categoricis
2562 955 2647 1025 de
2690 958 2803 1025 uia
2847 956 3293 1037 diuisionis,

835 1074 1012 1159 quod
1071 1074 1300 1140 omnia
1344 1092 1425 1139 ea
1469 1092 1638 1157 quae
1681 1077 1834 1138 sunt
1877 1072 2243 1139 necessario
2290 1071 2397 1138 uel
2442 1075 2601 1138 sunt
2639 1090 2849 1154 genus
2892 1071 2997 1137 uel
3044 1070 3295 1155 species

782 1206 812 1246 ⁵
835 1188 940 1253 uel
1005 1180 1364 1275 indiuidua.
1455 1205 1716 1252 necesse
1765 1188 1865 1251 est
1905 1188 2129 1251 autem
2173 1188 2250 1251 ut
2293 1185 2407 1251 uia
2449 1184 2839 1269 cognitionis
2881 1184 3295 1251 uniuscuius-

833 1320 965 1385 que
1009 1300 1096 1366 sit
1137 1299 1268 1366 alia
1311 1299 1400 1365 ab
1445 1298 1590 1366 alia.
1681 1296 1863 1381 quod
1906 1298 1999 1364 sic
2040 1298 2436 1366 ostenditur:

1049 1413 1382 1493 Quoniam
1457 1410 1772 1479 certitudo
1845 1430 2155 1493 generum
2229 1413 2644 1495 cognoscitur
2712 1431 2833 1495 per
2904 1410 3294 1478 diuisionem

835 1547 1066 1593 eorum
1129 1526 1196 1592 in
1253 1524 1504 1609 species
1547 1528 1614 1591 ct
1656 1524 2018 1609 specierum
2064 1525 2127 1591 in
2175 1524 2539 1591 indiuidua.
2628 1524 2745 1593 sed
2789 1544 2909 1609 per
2952 1524 3295 1618 resolutio-

837 1662 988 1708 nem
1052 1638 1466 1722 cognoscitur
1526 1638 1844 1705 certitudo
1907 1636 2391 1705 indiuiduorum
2404 1687 2422 1719 ,
2486 1638 2730 1705 seilicet
2790 1636 2967 1705 unde
3028 1657 3296 1723 compo-

763 1772 814 1812 ιο
837 1754 1016 1820 nitur
1075 1752 1594 1837 unumquodque
1655 1770 1882 1817 eorum
1946 1753 2014 1817 et
2074 1770 2153 1818 ex
2217 1752 2456 1835 quibus
2500 1754 2602 1819 aet
2644 1750 3087 1819 coniunctum.
3178 1772 3299 1836 per

835 1867 1284 1935 definitionem
1329 1866 1528 1933 etiam
1571 1864 1981 1948 cognoscitur
2023 1864 2347 1931 certitudo
2389 1865 2775 1949 specierum,
2822 1865 3067 1932 scilicet
3108 1864 3297 1932 cuius

833 1982 1090 2065 generis
1123 1980 1212 2046 sit
1247 1998 1680 2065 unaquaeque
1719 1998 1945 2047 eamm
1974 1982 2199 2061 etqua
2224 1978 2591 2045 differentia
2618 1978 3025 2045 discernatur
3050 1978 3138 2044 ab
3165 1978 3299 2044 alia
3408 2002 3416 2008 ·

759 2098 764 2104 ’
835 2116 878 2162 a
940 2114 1035 2162 se.
1122 2115 1246 2180 per
1287 2094 1908 2161 demonstrationem
1955 2112 2112 2159 uero
2156 2093 2570 2174 cognoscitur
2612 2092 2935 2160 certitudo
2980 2112 3294 2175 generum

837 2229 1010 2294 quae
1054 2212 1210 2276 sunt
1253 2206 1612 2289 significata
1657 2206 2049 2274 uniuersalia
2094 2206 2541 2291 intelligibilia,
2585 2206 2752 2273 sicut
2796 2209 3031 2290 postea
3075 2211 3297 2273 osten·

766 2337 816 2379 ιε
839 2320 1094 2390 demus.

1051 2435 1244 2503 Prius
1305 2440 1527 2503 autem
1588 2434 1892 2501 uolumus
1955 2434 2299 2502 ostendere
2360 2435 2469 2502 hic
2517 2436 2692 2500 uiam
2757 2432 3296 2514 resolutionis,

838 2552 1190 2635 postquam
1236 2550 1370 2617 iam
1415 2548 1816 2616 ostendimus
1860 2549 2039 2615 uiam
2083 2545 2422 2615 diuisionis
2467 2548 2535 2615 in
2562 2548 2961 2631 categoricis„
3006 2551 3077 2614 et
3102 2567 3300 2633 prop-

841 2666 943 2729 ter
1003 2662 1202 2731 aliam
1267 2682 1535 2730 causam
1598 2662 1832 2729 ctiam:
1897 2662 2206 2747 quoniam
2269 2663 2383 2729 uia
2426 2661 2843 2729 resolutionis
2886 2665 2988 2729 est
3030 2662 3301 2745 propin·

841 2776 1034 2859 quior
1091 2776 1552 2857 intelligentiae
1595 2775 2229 2843 introducendorum.
2322 2780 2423 2843 est
2468 2775 2643 2843 enim
2688 2775 2803 2841 uia
2844 2793 2980 2859 qua
3025 2794 3301 2857 cognos-

681 2914 687 2921 ·
763 2906 818 2948 ω
843 2890 1014 2956 citur
1055 2889 1384 2955 certitudo
1431 2888 1928 2957 indiuiduorum.
2005 2890 2341 2957 indiuidua
2386 2910 2547 2957 uero
2593 2892 2749 2956 sunt
2790 2907 2897 2955 res
2940 2887 3302 2971 singulares

843 3002 1211 3082 sensibiles,
1258 3002 1427 3069 sicut
1473 3002 1600 3069 iam
1647 3004 2069 3069 ostendimus.
2160 3003 2271 3069 uia
2316 3006 2538 3071 autem
2583 3002 3035 3079 definitionum
3080 3005 3150 3069 et
3192 3000 3303 3068 uia

843 3115 1482 3184 demonstrationum
1524 3120 1677 3183 sunt
1723 3118 2051 3183 tenuiores
2095 3121 2162 3183 et
2206 3116 2597 3197 subtiliores,
2640 3135 2761 3201 per
2804 3134 2973 3199 quas
3015 3135 3150 3181 non
3178 3116 3302 3181 sci·

845 3233 1046 3295 untur
1087 3229 1212 3295 nisi
1257 3248 1364 3296 res
1407 3229 1830 3310 insensibiles,
1875 3229 2120 3296 scilicet
2160 3229 2413 3314 species
2456 3232 2526 3295 et
2566 3248 2829 3313 genera.

1057 3343 1246 3409 Scias
1307 3346 1532 3409 autem
1593 3342 1772 3427 quod
1835 3344 2107 3411 intentio
2160 3342 2245 3410 de
2288 3343 2437 3423 hoc,
2501 3344 2681 3428 quod
2725 3345 2827 3409 est
2870 3340 3301 3420 indiuiduam,

765 3477 822 3519 es
847 3462 948 3524 est
991 3456 1354 3541 assignatio
1397 3456 1580 3541 quod
1625 3460 1724 3523 est
1769 3456 2061 3524 collectio
2105 3456 2398 3523 omnium
2446 3456 2793 3523 coniuncta
2836 3474 2919 3521 ex
2962 3454 3161 3521 rebus
3202 3453 3302 3520 di·

845 3569 1053 3635 uersis
1112 3568 1220 3635 uel
1263 3570 1628 3653 composita
1671 3589 1753 3636 ex
1797 3570 2017 3635 multis
2060 3569 2377 3655 partibus,
2440 3569 2733 3637 solitaria
2778 3572 2846 3637 et
2888 3568 3171 3635 discreta
3214 3568 3304 3633 ab

843 3682 1150 3749 omnibus
1212 3683 1356 3751 aliis
1401 3704 1442 3749 a
1487 3704 1576 3751 se.
1667 3682 2007 3750 indiuidua
2051 3688 2274 3751 autem
2320 3688 2475 3749 sunt
2518 3682 2777 3749 duobus
2821 3680 3055 3747 modis.
3145 3700 3301 3748 nam

844 3794 1174 3881 quaedam
1238 3798 1393 3862 sunt
1435 3796 1780 3864 coniuncta
1831 3816 1910 3863 ex
1952 3796 2251 3883 partibus
2296 3795 2759 3891 consimilibus,
2803 3798 2880 3861 ut
2920 3794 3077 3861 haec
3120 3794 3305 3878 spica

846 3912 914 3977 et
955 3908 1060 3976 hic
1105 3907 1274 3992 lapis
1319 3912 1386 3975 et
1427 3908 1552 3977 boc
1593 3908 1838 3993 lignum
1883 3914 1951 3977 et
1992 3908 2124 3977 alia
2168 3908 2272 3975 his
2316 3908 2553 3977 similia
2600 3906 2957 3987 indiuidua,
3022 3925 3304 3991 quorum

766 4043 820 4085 so
845 4041 1078 4089 omnes
1138 4025 1362 4106 partes
1424 4027 1576 4088 sunt
1635 4024 1827 4090 unius
1889 4028 2188 4091 naturae.
2278 4026 2347 4089 et
2388 4021 2719 4106 quaedam
2764 4024 2919 4087 sunt
2962 4018 3307 4086 indiuidua

848 4134 1200 4202 coniuncta
1263 4154 1344 4201 ex
1405 4135 1700 4219 partibus
1745 4136 2151 4203 diuersarum
2197 4134 2716 4203 substantiarum
2760 4136 2829 4201 et
2874 4132 3303 4199 altemtarum

847 4246 1320 4329 accidentibus,
1384 4249 1552 4315 sicut
1609 4248 1735 4317 hoc
1797 4268 2033 4335 corpus
2076 4252 2145 4316 et
2186 4248 2353 4318 haec
2398 4248 2597 4315 arbor
2639 4252 2709 4315 et
2750 4246 2919 4315 haec
2960 4244 3195 4315 ciuitas
3237 4250 3309 4314 et

1051 4432 1088 4488 8
1120 4432 1272 4490 enim
1304 4434 1315 4503 Ι
1343 4450 1477 4490 uero
1510 4432 1567 4489 N
1695 4434 2015 4505 categoricis
2043 4439 2053 4493 ἶ
2081 4432 2444 4503 cathegoricis
2468 4432 2578 4489 ΒΝ
2609 4434 2724 4488 und
2744 4432 2817 4488 ω’
2840 4434 3035 4488 immeo·
3164 4431 3201 4487 9
3224 4432 3305 4488 ln·

851 4522 1208 4581 diuiduorum
1236 4532 1250 4587 1
1277 4524 1628 4581 diuiduomrn
1663 4524 1724 4579 N
1849 4525 1915 4581 14
1948 4541 2093 4596 quse
2118 4525 2132 4595 1
2160 4524 2463 4582 meandum
2498 4524 2559 4579 N
2702 4522 3053 4595 significum
3080 4521 3305 4595 signata

848 4614 1108 4751 (ctitifstg
1141 4665 1308 4737 sigts)
1341 4665 1402 4720 N
1429 4664 1616 4735 (εἰμι)
1663 4664 1714 4719 V
1846 4666 1951 4722 14·
1977 4666 2041 4722 ιδ
2070 4664 2426 4723 ostendemus
2452 4668 2465 4735 Ι
2490 4665 2849 4722 ostendamus
2882 4665 2957 4720 N
3076 4663 3143 4720 1⁶1
3178 4662 3294 4722 ism

851 4771 1195 4829 ostendimus
1219 4770 1236 4839 Ι
1261 4770 1604 4829 ostendimus
1637 4772 1750 4829 ism
1785 4770 1846 4827 N
1936 4772 2001 4827 21
2034 4772 2423 4830 definitionum
2448 4776 2463 4841 Ι
2490 4770 2845 4829 diffinitionis
2879 4772 2939 4829 N
3033 4770 3102 4829 2⁷
3137 4786 3307 4845 quss-

853 4860 1282 4933 ‹lsmlquidssn
1316 4860 1374 4917 N
1505 4858 1951 4933 beet-spiculis·
1986 4861 2354 4935 pspicsNh⁶
2386 4861 2543 4936 splen
2586 4862 2637 4917 V
2770 4868 2784 4883 ·
