3867 5384
823 87 1288 135 .‘1”2.::.;·.,.-...-.
1295 90 1360 131 2⁴—
1323 88 1862 135 ‚mogun-‘Lu-
1848 98 1953 129 *ἐ*
1956 90 2157 131 ’ταῶν-*Δ
2197 94 2343 129 3222*-
2306 86 2698 169 -LQQ
2692 78 3033 126 *im

785 586 798 598 ·
871 564 944 625 b!
1973 562 2257 625 m-xindi.

875 722 1034 769 num
1099 705 1168 770 et
1229 704 1580 789 qualitates
1639 704 1868 770 utendi
1933 703 2050 771 eis.
2110 704 2333 770 'euius
2395 702 2490 771 rei
2554 699 2878 787 expositio
2930 699 3186 793 prolixa
3230 701 3353 780 est,

875 835 1052 899 quae
1113 816 1246 883 iam
1309 816 1486 883 dicta
1547 820 1650 884 est
1710 816 1780 883 in
1842 816 2025 883 libris
2068 815 2341 897 logicae
2403 820 2473 883 et
2534 814 2812 899 topicae.
2911 813 3065 879 uolo
3122 814 3357 888 tamen

877 929 1220 995 ostendere
1263 948 1398 1013 quo
1441 928 1643 995 modo
1688 929 2063 1015 adquiritur
2106 928 2435 997 certitudo
2468 920 2747 995 istarum
2773 946 2895 1061 per
2928 946 3000 994 se
3044 928 3353 993 notarum

879 1040 944 1107 in
991 1042 1338 1109 animabus
1381 1042 1876 1126 intelligentium
1923 1063 2026 1111 ea.
2898 1049 2911 1063 '

799 1170 854 1215 .⁵
1091 1154 1278 1223 Scias
1320 1155 1492 1222 enim
1541 1154 1720 1240 quod
1763 1155 1928 1225 haec
1974 1158 2160 1235 nota,
2206 1174 2385 1253 quae
2410 1157 2738 1221 uocantur
2761 1154 2978 1239 prima
3006 1108 3356 1232 intellecta,

879 1286 1014 1334 non
1059 1268 1495 1354 adquiruntur
1539 1269 1604 1335 in
1649 1268 1999 1336 animabus
2044 1267 2547 1351 intelligentium
2596 1268 2719 1334 nisi
2756 1288 2877 1353 per
2912 1266 3357 1334 inductionem

885 1401 1106 1449 rerum
1169 1383 1580 1450 sensibilium
1654 1382 1847 1449 unius
1921 1386 2077 1465 post
2148 1382 2349 1448 aliam
2422 1385 2490 1448 et
2551 1385 2705 1466 post
2769 1378 3358 1448 considerationem

883 1496 1078 1563 unius
1120 1498 1328 1582 partis
1371 1501 1522 1580 post
1566 1496 1764 1562 aliam
1811 1500 1878 1562 et
1922 1516 2045 1581 per
2089 1496 2592 1581 meditationem
2637 1495 2833 1561 unius
2862 1494 3181 1566 indiuidui
3209 1496 3362 1578 post

890 1609 1092 1678 aliud.
1182 1630 1330 1676 cum
1397 1610 1568 1687 enim
1633 1629 1713 1676 ex
1774 1608 1880 1675 his
1942 1608 2184 1676 fuerint
2237 1610 2431 1695 plura
2495 1608 2837 1675 indiuidua
2881 1610 3193 1675 contenta
3236 1606 3363 1673 sub

809 1737 864 1778 ιο
889 1742 1024 1789 ιιιιιι
1085 1723 1486 1806 proprietate
1504 1771 1524 1803 ,
1591 1721 1976 1807 adquiretur
2038 1723 2117 1809 in·
2153 1722 2507 1788 animabus
2551 1721 2894 1788 hominum
2919 1740 2949 1802 ,·
3000 1720 3365 1787 secundum

761 1874 769 1880 -
887 1833 1061 1901 hune
1124 1816 1492 1920 respectum
1514 1884 1532 1916 ,
1596 1834 1775 1919 quod
1841 1835 2165 1919 quidquid
2216 1834 2423 1903 ,suerit
2484 1835 2743 1918 generis
2796 1833 2967 1900 illius
3022 1832 3364 1914 indiuidui,

887 1949 990 2015 uel
1045 1950 1300 2030 generis
1345 1949 1514 2015 illius
1555 1949 1784 2033 partis,
1830 1952 1932 2015 est
1976 1948 2105 2015 hoc
2150 1946 2463 2015 iudicium
2509 1946 2703 2027 illius,
2748 1946 3059 2029 quamuis
3103 1966 3237 2037 non
3267 1946 3366 2013 ui·

889 2061 1104 2128 derint
1182 2066 1404 2145 partes
1467 2080 1696 2127 omnes
1757 2060 1929 2128 illius
1991 2061 2251 2153 generis
2314 2080 2437 2126 nee
2502 2060 2727 2127 omnia
2791 2059 3134 2129 indiuidua
3198 2058 3369 2126 illius

889 2174 1148 2259 speciei.

707 2312 716 2319 ·
815 2300 868 2341 ¹⁵
1105 2288 1290 2354 uerbi
1333 2288 1566 2369 gratia,
1611 2308 1776 2373 puer
1819 2287 2094 2355 aduitus
2140 2307 2293 2354 cum
2341 2286 2657 2372 inceperit
2703 2285 2997 2370 aspicere
3041 2290 3109 2353 et
3154 2287 3371 2371 eonsi-

57 3494 59 3496 -
49 3251 58 3261 ο
47 3165 56 3211 -ο-
47 3120 54 3131 -
46 3092 52 3102 -
45 3032 52 3039 ι
43 2918 50 2931 ι
39 2802 46 2811 υ
38 2734 48 2775 -ο
36 2665 44 2705 -ο
36 2564 42 2585 -
36 2442 42 2475 -,
36 2348 38 2359 -
36 1726 39 1735 -
55 1613 62 1637 .-

89 3742 102 3759 Ὁ
87 3680 96 3705 '⁸
83 3639 101 3667 ’Π
57 3252 100 3622 ·-.-·-⁴:”·-q.m”
91 3178 100 3185 ,
73 3020 80 3052 ”“
73 2916 90 2994 ”””ἱ
74 2833 85 2843 ⁸
71 2606 80 2625 ·
71 2574 80 2584 ·
76 2430 84 2438 ,
66 2336 84 2368 4,
65 2210 76 2217 ι
65 2168 72 2180 =
63 2138 74 2154 ο
64 2080 72 2088 ι
63 2060 74 2067 ι
93 1996 101 2012 -
61 1951 66 1960 -
61 1914 66 1924 -
57 1837 68 1851 α
59 1771 100 1803 ,ι’
57 1714 68 1755 η..
57 1661 68 1671 .

121 3243 130 3255 -
114 3164 132 3191 Ὀ
112 3034 130 3067 ⁰·-
114 2987 122 2997 ·
107 2776 115 2783 “
113 2730 122 2740 ο
107 2610 118 2627 ο
106 2556 116 2583 ιο
101 2375 112 2387 ι
99 2252 114 2268 n
97 2166 108 2209 o·-
99 2100 110 2107 0
93 1968 104 1982 a
90 1918 106 1950 ν

893 2400 1126 2467 derare
1186 2400 1441 2483 singula
1484 2400 1792 2467 animalia
1837 2418 2045 2466 unum
2093 2404 2248 2483 post
2290 2397 2472 2465 aliud
2520 2402 2585 2465 et
2631 2397 2955 2485 inuenerit
2999 2398 3179 2485 quod
3224 2418 3370 2465 om·

897 2512 1006 2578 nia
1069 2512 1358 2579 sentiunt
1418 2516 1486 2580 et
1545 2517 1929 2593 mouentur,
1990 2512 2329 2594 cognoscit
2374 2510 2555 2595 quod
2602 2510 2921 2596 quidquid
2968 2515 3069 2579 aet
3112 2512 3216 2578 sui
3259 2532 3374 2594 ge-

894 2626 1092 2707 neris,
1139 2629 1240 2692 est
1280 2646 1544 2711 quoque
1575 2624 1699 2692 hoc
1727 2625 2037 2692 iudicium
2085 2624 2248 2692 eius.
2322 2623 2621 2710 similiter
2666 2644 2819 2691 cum
2864 2624 3376 2693 considerauerit

899 2757 1430 2823 unamquamque
1460 2740 1742 2823 partium
1775 2758 1993 2823 aquae
2024 2743 2093 2804 et
2121 2738 2447 2804 inuenerit
2464 2757 2615 2805 eam
2634 2737 3001 2820 humidam,
3033 2739 3373 2824 liquidam,

817 2865 876 2907 ω
900 2855 968 2919 et
1011 2871 1545 2936 unamquamque
1587 2851 1876 2937 partium
1922 2852 2089 2933 ignis
2136 2852 2464 2918 inuenerit
2499 2850 2804 2932 calidam,
2849 2852 3262 2935 adurentem,
3308 2858 3377 2922 et

902 2984 1438 3049 unumquemque
1497 2964 1786 3048 lapidem
1852 2964 2179 3031 inuenerit
2223 2964 2463 3031 durum
2512 2967 2580 3031 et
2623 2964 2867 3032 siccum
2890 3014 2908 3047 ,
2972 2967 3176 3053 scitur
3218 2970 3379 3035 tunc

901 3079 1088 3163 quod
1151 3098 1346 3145 omne
1408 3078 1587 3161 quod
1651 3078 1843 3145 suerit
1914 3078 2086 3144 illius
2149 3078 2447 3161 generiS,
2523 3082 2624 3144 est
2686 3078 2815 3145 hoc
2862 3078 3168 3147 iudicium
3216 3080 3375 3149 eius.

903 3190 1264 3259 secundum
1337 3190 1530 3273 igitur
1592 3188 1768 3257 hunc
1833 3194 2207 3275 respectum
2256 3190 2697 3319 adquiruntur
2739 3194 2901 3258 nota
2948 3192 3013 3258 in
3058 3194 3381 3279 principio

905 3303 1302 3387 intelligendi
1347 3302 1706 3371 ministerio
1751 3322 2089 3371 sensuum.

824 3428 880 3471 ²⁵
1118 3418 1302 3484 Scias
1366 3421 1588 3483 autem
1643 3418 1821 3501 quod
1868 3417 2036 3484 ordo
2082 3416 2583 3499 intelligentium
2632 3418 2697 3484 in
2741 3416 3117 3486 huiusmodi
3164 3420 3382 3500 rebus,

908 3550 1080 3615 quae
1121 3530 1560 3616 adquiruntur
1604 3531 1672 3597 in
1717 3530 1943 3597 anima
1990 3532 2354 3599 ministerio
2400 3550 2752 3612 sensuum,
2800 3536 2898 3599 est
2944 3533 3271 3600 excedens
3316 3534 3383 3601 in

907 3644 1236 3738 gradibus.
1319 3644 1560 3711 scilicet
1621 3644 1778 3728 quia
1837 3645 2059 3710 omnis
2120 3645 2235 3729 qui
2296 3644 2489 3711 fuerit
2534 3645 2603 3710 in
2650 3644 2775 3711 illis
2817 3646 3273 3714 uehementior
3317 3646 3383 3713 in

909 3757 1305 3841 speculando
1367 3763 1435 3825 et
1495 3758 1688 3824 fuerit
1748 3757 2038 3824 melioris
2095 3758 2545 3826 meditationis
2606 3762 2675 3825 et
2736 3758 3092 3827 subtilioris
3141 3760 3381 3844 ingenii

911 3875 978 3937 et
1037 3870 1527 3955 perspicacioris
1545 3920 1564 3950 ,
1647 3891 1728 3937 ea
1789 3891 1967 3956 quae
2034 3872 2334 3939 sciuntur
2396 3892 2479 3939 ex
2542 3871 2877 3956 principiis
2940 3874 3387 3942 intellectuum

831 3992 886 4032 ³⁰
911 3982 1104 4067 plura
1148 3986 1340 4049 erunt
1383 3982 1450 4049 in
1495 3982 1718 4052 anima
1761 3983 1932 4050 illius
1977 4003 2179 4068 quam
2228 3985 2297 4050 in
2342 3984 2568 4051 anima
2614 3984 2776 4064 ciuS,
2822 3984 2935 4069 qui
2982 3986 3049 4051 in
3077 3989 3221 4053 tota
3248 3988 3389 4056 uita

913 4114 1034 4161 sua
1097 4099 1200 4162 est
1259 4094 1588 4177 negligens
1607 4142 1626 4175 ,
1689 4082 2051 4179 occupatus
2114 4098 2287 4164 eirca
2334 4096 2517 4163 cibos
2564 4101 2653 4163 et·
2674 4100 2873 4181 potus
2916 4101 2985 4164 et
3028 4100 3391 4177 cantilenas
3408 4164 3427 4180 ,

915 4213 982 4277 et
1024 4208 1489 4278 delectationes
1533 4206 1927 4293 corporales.
2350 4218 2359 4225 '

1122 4490 1484 4564 lqualitntes
1509 4490 1523 4560 1
1551 4490 1799 4564 qualitas
1847 4492 1900 4549 1⁷
2048 4494 2083 4548 7
2119 4492 2289 4549 aliam
2316 4492 2332 4560 Ι
2360 4493 2537 4551 altera
2570 4492 2635 4549 N
2778 4493 2817 4551 9
2850 4493 2940 4551 bl·
2965 4495 2979 4565 Ι
3006 4494 3089 4553 eis
3133 4496 3189 4551 V
3304 4490 3400 4555 ‘10

918 4581 1240 4655 adquiratur
1265 4588 1278 4645 Ι
1304 4582 1612 4655 acquiritur
1643 4582 1707 4637 Ν
1850 4582 1911 4638 11
1950 4582 2223 4655 quidquid
2252 4588 2266 4647 Ι
2293 4582 2562 4657 quiequid
2600 4584 2727 4641 NV
2754 4586 2874 4641 und
2902 4600 2966 4643 n
3001 4589 3197 4643 {m
3331 4587 3399 4644 15

921 4671 1186 4745 inceperit
1211 4674 1224 4745 Ι
1252 4672 1558 4745 inceperint
1589 4673 1654 4729 N
1782 4674 1850 4730 19
1881 4690 2067 4747 aquae
2092 4680 2105 4741 Ι
2129 4674 2269 4745 teme
2303 4674 2365 4729 N
2492 4675 2557 4733 81
2592 4674 2769 4733 scitur
2794 4676 2809 4745 Ι
2834 4676 2943 4733 scit
2976 4676 3035 4733 N
3194 4676 3267 4735 28
3298 4676 3397 4751 itl-

921 4766 1014 4821 tur
1045 4764 1195 4823 bunc
1221 4764 1237 4835 Ι
1263 4764 1416 4823 hunc
1447 4764 1618 4837 icitur
1662 4765 1715 4819 V
1841 4766 1912 4821 2⁸
1944 4764 2006 4822 in
2033 4765 2047 4835 Ι
2074 4768 2131 4844 ᾖ·
2168 4766 2231 4821 ἐκ
2264 4771 2288 4823 1
2320 4765 2655 4839 amuda-e
2684 4764 2751 4822 N
3000 4768 3005 4775 '
