3867 5384
21 32 1060 77 »abban-mma·-

887 527 1052 587 Uboe
1081 522 1520 587 introductorius
1555 522 1616 585 in
1649 528 1826 585 arten·
1861 521 2077 599 logicas
2106 520 2619 585 demonstrationis.
2689 566 2697 573 -
2918 520 2989 581 46

519 672 617 737 est
661 668 844 747 haec,
889 670 1132 737 scilicet
1176 668 1464 753 cognitio
1509 666 1872 735 foratarum
1919 666 2451 735 constituentium
2498 665 2859 751 singularia
2886 665 2985 733 in-

518 788 736 851 uenta.
827 784 1194 850 differentia
1257 800 1424 849 uero
1487 780 1658 849 inter
1709 800 1792 849 ea
1837 784 1904 847 et
1952 782 2123 849 inter
2164 781 2407 851 formas
2450 780 2857 867 perficientes
2904 799 2985 846 ea

515 900 616 962 est
661 896 852 965 baec:
915 896 1096 981 quod
1141 914 1376 961 omnes
1421 898 1574 961 sunt
1621 894 2061 979 proprietates
2108 914 2357 973 eorum,
2420 899 2488 961 et
2531 892 2987 979 dispositiones

517 1030 689 1095 quae
751 1008 1222 1095 superueniunt
1285 1008 1404 1084 eis,
1469 1012 1534 1075 et
1601 1008 1710 1075 illa
1773 1011 1929 1074 snnt
1976 1008 2401 1094 appropriata
2454 1028 2573 1093 per
2618 1006 2779 1075 illas.
2870 1006 2985 1073 secl

517 1144 747 1190 sensus
809 1143 942 1191 non
1005 1122 1316 1189 discernit
1379 1142 1458 1189 ea
1525 1121 1844 1206 quoniam
1905 1125 2062 1189 sunt
2118 1122 2457 1189 submersa
2520 1122 2645 1187 sub
2688 1120 2791 1187 his
2834 1140 2985 1205 pro·
3036 1143 3067 1186 s

519 1238 906 1324 prietatibus
967 1242 1034 1305 et
1095 1240 1410 1321 cooperta
1473 1236 1590 1304 eis.
1683 1240 2094 1321 quapropter
2154 1256 2321 1321 opus
2382 1238 2483 1301 est
2546 1232 2989 1319 speculatione

521 1351 740 1417 subtili
793 1355 859 1419 et
905 1350 1324 1436 inquisitione
1367 1350 1738 1417 sufficiente
1781 1349 1870 1415 ad
1915 1348 2441 1433 cognoscendum
2488 1366 2567 1415 ea
2612 1350 2681 1413 et
2724 1346 2811 1415 ad
2855 1348 2989 1414 dis·

521 1465 914 1532 cernendum
981 1464 1152 1531 inter
1213 1484 1294 1531 ea
1357 1467 1428 1531 et
1471 1463 1584 1533 illa
1627 1468 1696 1531 et
1741 1482 1822 1531 ea
1865 1483 2043 1548 quae
2084 1464 2482 1529 connituntur
2526 1482 2605 1529 ea
2649 1464 2718 1527 et
2760 1480 2989 1546 super-

522 1576 793 1647 ueniunt
837 1578 930 1644 eis
973 1598 1094 1663 per
1138 1578 1780 1659 argumentationem
1827 1580 1895 1643 et
1938 1576 2587 1643 demonstrationem.

734 1690 919 1759 Scias
961 1696 1184 1759 autem
1233 1692 1414 1775 quod
1459 1691 1651 1775 plura
1697 1691 1758 1759 ei
1803 1688 1890 1757 de
1933 1690 2059 1769 his,
2122 1709 2294 1775 quae
2336 1690 2523 1757 nouit
2568 1687 2789 1771 homo,
2834 1692 2986 1753 sunt
3016 1710 3071 1751 ιο

523 1805 848 1889 adquisita
912 1825 1031 1891 per
1091 1804 1752 1889 argumentationem.
1853 1804 1970 1871 sed
2037 1804 2343 1871 iudicium
2406 1802 2989 1887 argumentationis

525 1919 878 2003 aliquando
923 1922 1024 1985 est
1069 1922 1341 1998 rectum,
1407 1918 1766 2004 aliquando
1813 1937 2183 1987 erroneum.
2274 1918 2422 1985 ideo
2464 1920 2724 2003 oportet
2768 1920 2989 1982 osten·

523 2026 680 2100 der‘e
723 2052 894 2117 quae
939 2034 1021 2099 sit
1065 2052 1266 2099 causa
1313 2032 1530 2111 liuius,
1576 2032 1664 2100 ad
1711 2032 1838 2099 hoc
1883 2036 1959 2099 ut
2002 2052 2242 2099 canens
2286 2028 2441 2097 illud
2492 2030 2555 2095 in
2603 2029 2847 2097 utendo
2880 2048 2989 2095 ar-

522 2146 1102 2229 gumentationem.
1193 2145 1385 2211 Prius
1449 2151 1674 2213 autem
1717 2145 1939 2213 dicam
1986 2146 2166 2231 quod
2212 2143 2693 2227 argumentatio
2736 2146 2839 2209 est
2880 2162 2988 2208 or·

437 2332 444 2337 ,
526 2259 778 2326 dinatio
820 2260 1363 2345 propositionum,
1411 2280 1493 2327 ex
1538 2280 1672 2345 qua
1718 2260 2025 2345 prouenit
2070 2258 2419 2327 conclusio.
3018 2274 3071 2317 ὓ

735 2372 918 2459 Scias
980 2372 1201 2441 autem
1259 2374 1440 2459 quod
1488 2373 1975 2459 propositiones
2018 2372 2602 2457 argumentationis
2644 2375 2993 2437 sumuntur

527 2505 606 2552 ex
651 2485 922 2567 cognitis
967 2486 1030 2551 in
1079 2486 1398 2571 principio
1445 2486 1866 2569 intelligendi.
1960 2488 2075 2553 sed
2121 2486 2439 2571 principia
2484 2484 2739 2551 illorum
2770 2484 2993 2566 cogni-

417 2680 431 2695 ·
526 2603 741 2665 torum
805 2603 1155 2665 sumuntur
1217 2620 1298 2667 ex
1361 2600 1686 2681 sensibus,
1750 2601 1918 2667 sicut
1984 2600 2389 2668 ostendimus
2450 2598 2517 2664 in
2580 2597 2857 2683 epistola
2908 2597 2993 2665 (lc

527 2732 724 2779 sensu
769 2716 834 2779 et
876 2718 1162 2780 sensato.
2449 2782 2459 2791 .

741 2827 836 2893 De
887 2826 1014 2893 hoc
1058 2830 1284 2893 autem
1329 2827 1511 2912 quod
1559 2828 2003 2917 necessarium
2050 2829 2170 2895 snit
2212 2826 2460 2895 homini
2507 2802 2602 2895 uti
2646 2845 2993 2909 argumen·
3018 2838 3077 2882 ε·

531 2939 779 3006 tatione
841 2941 1010 3007 ratio
1073 2940 1239 3008 haec
1285 2946 1414 3009 est:
1481 2942 1747 3021 scilicet,
1814 2942 1996 3027 quod
2040 2964 2274 3010 sensus
2316 2962 2451 3009 non
2474 2941 2993 3038 ‚apprehendunt

508 3053 652 3129 ¹nisi
715 3052 1086 3145 singularia,
1151 3056 1518 3139 composita
1585 3076 1664 3122 ex
1720 3056 2104 3123 substantiis
2146 3056 2563 3141 simplicibus,
2625 3075 2797 3140 quae
2838 3059 2994 3121 sunt

531 3165 596 3231 in
640 3164 800 3233 locis
843 3166 1156 3245 discretis,
1201 3172 1268 3235 et
1313 3168 1762 3235 accidentibus
1805 3170 2305 3255 particularibus
2348 3170 2415 3237 in
2458 3170 2837 3236 substantiis
2861 3168 2996 3235 dis-

530 3278 742 3359 cretis,
807 3299 978 3364 quae
1040 3285 1197 3347 sunt
1257 3280 1610 3365 designata
1673 3283 1806 3349 alia
1867 3283 1957 3349 ab
2018 3285 2181 3351 aliis.
2286 3282 2403 3349 sed
2466 3283 2867 3367 quantitates
2928 3284 2995 3349 et

531 3394 880 3478 qualitates
940 3414 1076 3461 non
1137 3400 1419 3479 possunt
1481 3397 1630 3463 sciri
1695 3401 1872 3463 recte
1924 3397 2049 3463 nisi
2094 3396 2767 3481 argumentationibus
2810 3395 2997 3463 t'actis
3020 3404 3077 3448 ὓ

529 3508 616 3576 de
677 3510 1070 3593 compositis.
1163 3508 1350 3576 uerbi
1412 3510 1647 3592 gratia,
1711 3510 2019 3595 quamuis
2082 3512 2253 3577 enim
2298 3510 2493 3578 sciret
2534 3509 2733 3577 homo
2777 3508 2997 3595 aliquo

531 3643 726 3690 sensu
801 3624 979 3708 quod
1054 3621 1278 3707 aliqua
1350 3642 1432 3691 ex
1495 3624 1882 3709 corporibus
1945 3630 2101 3691 sunt
2160 3624 2389 3707 grauia
2452 3625 2559 3692 uel
2622 3624 2829 3691 multa
2890 3622 2997 3690 nel

533 3754 773 3817 magna
793 3784 811 3815 ,
876 3737 1096 3802 tamen
1162 3754 1297 3801 non
1361 3740 1584 3820 potest
1645 3736 1814 3803 scire
1875 3738 2311 3821 quantitatem
2372 3736 2717 3821 grauitatis
2769 3755 2995 3804 eorum

534 3848 657 3914 nisi
701 3847 1128 3932 ponderando
1150 3896 1169 3927 ,
1225 3869 1347 3941 nec
1392 3848 1878 3917 multitudinem
1925 3850 2051 3916 nisi
2096 3849 2539 3930 numerando,
2583 3869 2703 3918 nec
2748 3848 2999 3931 magni·

533 3962 826 4029 tudinem
885 3962 1010 4028 nisi
1072 3960 1562 4041 mensurand03
1627 3966 1696 4029 et
1757 3962 1888 4030 alia
1942 3962 2047 4029 his
2112 3964 2367 4031 similia.
2460 3968 2527 4031 et
2570 3962 2735 4031 haec
2778 3962 3000 4030 omnia
3024 3968 3081 4012 ὓ

533 4082 688 4144 sunt
727 4076 1024 4161 pondera
1070 4079 1138 4143 et
1182 4076 1742 4143 considerationes
1763 4126 1780 4159 ,
1827 4096 1947 4161 per
1992 4097 2159 4162 quas
2202 4078 2533 4161 cognoscit
2578 4077 2777 4144 bomo
2820 4072 3001 4161 quod

534 4212 667 4259 non
710 4192 930 4275 potest
972 4188 1140 4255 scire
1179 4208 1304 4273 per
1345 4190 1898 4259 aestimationem.

739 4458 870 4514 1-2
905 4456 1136 4513 inuenta
1163 4456 1176 4526 Ι
1207 4456 1264 4514 in
1299 4456 1447 4516 uinta
1479 4460 1746 4527 (aanor)
1781 4459 1840 4516 A·
1990 4462 2023 4519 'a'
2055 4480 2119 4519 ea
2148 4461 2161 4531 Ι
2188 4477 2295 4534 caq
2330 4459 2389 4518 N
2527 4460 2565 4517 8
2596 4459 2977 4529 comitantur!

538 4547 915 4609 conmitantur
948 4546 1066 4603 ΝΥ
1217 4548 1286 4604 10
1313 4548 1368 4606 el
1403 4550 1474 4607 ‹lo
1501 4557 1517 4621 Ι
1543 4566 1610 4607 ex
1662 4551 1712 4609 1⁷
1873 4554 1942 4609 21
1976 4553 2261 4625 designata
2298 4552 2408 4609 alia
2438 4558 2451 4607 t
2476 4552 2546 4607 «le
2578 4550 2797 4623 signata
2828 4550 3000 4607 aliam

541 4642 600 4698 N
763 4639 1056 4712 qualitates
1084 4645 1096 4710 Ι
1123 4639 1423 4713 qualitates
1474 4646 1534 4699 et
1583 4644 1936 4715 quantitates
1989 4644 2426 4716 (Deciano-aphia)
2492 4642 2608 4701 VN.
2650 4726 2657 4737 .
2690 4642 2735 4697 ν
2768 4642 3006 4699 uallari
3114 4728 3119 4735 .

545 4743 786 4853 ,quintet
819 4786 874 4838 et
905 4741 1149 4853 {ritate-⁶
1183 4778 1262 4853 0)
