3867 5384
887 424 1052 487 ub«
1085 422 1514 487 tauma-‚aoran-
1547 422 1606 485 tn
1640 428 1816 485 utem
1853 382 2070 499 iona·
2098 420 2619 487 &non-inumb.
2919 416 2990 480 4⁷

513 565 598 635 de
653 565 1094 634 stabilimento
1147 565 1246 631 sui
1291 564 1567 632 causati.
1655 566 1724 631 et
1767 562 2133 631 secundum
2178 562 2307 629 hoc
2352 564 2731 649 exemplum
2776 562 2987 631 emisi·

515 682 776 747 derabis
818 678 998 763 quod
1043 678 1244 745 homo
1287 696 1330 743 a
1375 676 1656 761 pueritia
1701 696 1824 743 sua
1867 676 2341 761 cuiuscumque
2366 676 2459 744 rei
2486 678 2983 763 dispositionem

519 794 838 861 inuenerit
899 792 964 859 in
1010 812 1082 859 se
1129 790 1234 859 uel
1281 790 1348 857 in
1393 790 1530 857 suis
1573 790 1961 875 parentibus
2004 788 2111 857 uel
2158 790 2225 855 in
2270 790 2407 857 suis
2454 792 2767 861 fratribus
2786 840 2809 871 ‚
2868 810 2993 875 pu-

519 908 684 974 tabit
739 904 1140 973 consimilem
1187 924 1333 973 esse
1377 902 1446 971 tn
1489 904 1638 971 aliis
1679 904 1904 989 pueris
1949 906 2017 971 et
2061 922 2293 971 eorum
2336 906 2723 989 parentibus
2766 910 2835 973 et
2878 922 2991 972 eo·

519 1042 662 1088 rum
728 1020 1038 1088 {nuribus
1056 1068 1075 1098 ‚
1140 1018 1664 1087 consideratione
1707 1023 1976 1102 sumpta
2022 1038 2067 1085 a
2108 1038 2184 1085 se
2228 1021 2296 1083 et
2340 1038 2383 1085 a
2428 1018 2565 1085 suis
2608 1020 2993 1103 parentibus
3042 1028 3077 1071 ⁸

519 1138 587 1201 et
630 1153 673 1199 a
717 1136 851 1199 suis
897 1132 1226 1200 finti-ibus.
1309 1132 1400 1198 ita
1445 1132 1627 1216 quod
1669 1132 1726 1199 si
1771 1130 2083 1205 acciderit
2126 1130 2251 1197 sibi
2296 1131 2505 1199 rames
2548 1132 2657 1200 uel
2704 1132 2847 1199 sitis
2886 1132 2993 1200 uel

519 1246 877 1313 denudatio
920 1246 1025 1313 uel
1069 1244 1380 1313 acciderit
1421 1244 1548 1311 sibi
1593 1244 1775 1312 calor
1819 1246 1924 1312 uel
1972 1244 2174 1327 frigus
2218 1244 2323 1311 uel
2362 1244 2723 1313 comederit
2750 1244 2995 1330 aliquid

521 1360 700 1445 quod
745 1360 916 1427 bene
957 1358 1174 1443 sapiat
1217 1359 1322 1425 uel
1369 1358 1604 1425 biberit
1647 1358 1898 1445 aliquid
1944 1358 2127 1444 quod
2172 1358 2343 1427 bene
2386 1358 2605 1443 sapiat
2632 1358 2739 1425 nel
2768 1359 2997 1425 indue·

523 1472 609 1539 rit
669 1471 914 1557 aliquid
977 1471 1155 1557 quod
1219 1472 1340 1539 sibi
1403 1491 1538 1538 non
1584 1472 1843 1556 placeat
1861 1522 1880 1551 ‚
1945 1472 2053 1539 uel
2100 1472 2396 1539 tristetur
2438 1476 2711 1556 propter
2754 1470 2997 1557 aliquid

523 1586 703 1669 quod
746 1586 1075 1665 amiserit,
1121 1586 1226 1653 uel
1271 1585 1559 1667 gaudeat
1599 1588 1874 1671 propter
1916 1585 2165 1671 aliquid
2213 1584 2395 1669 quod
2442 1585 2799 1666 inuenerit,
2842 1604 2997 1671 pro-
3026 1596 3083 1641 ¹·

525 1699 712 1778 fecto,
761 1719 908 1765 cum
953 1699 1200 1783 aliquid
1247 1698 1484 1765 horum
1528 1700 1652 1765 sibi
1697 1698 2073 1781 contigerit,
2134 1698 2399 1783 putabit
2442 1696 2623 1783 quod
2668 1698 2801 1765 iam
2868 1698 3001 1766 tale

525 1813 840 1895 contingit
891 1813 1124 1879 ceteris
1168 1814 1386 1898 pueris
1405 1862 1424 1892 ‚
1489 1811 1602 1897 qui
1647 1815 1807 1879 sunt
1849 1812 1961 1878 sslii
2006 1812 2109 1879 sui
2154 1811 2433 1895 generis.
2524 1814 2595 1879 et
2636 1810 2997 1879 secundum

525 1924 652 1993 hoc
713 1925 1084 2010 exemplum
1146 1932 1410 1994 canent
1471 1930 1731 1993 ceterae
1783 1926 1927 1993 eius
1972 1926 2353 2010 putationes
2396 1928 2465 1991 et
2507 1926 2998 1994 aestimationes

529 2040 594 2106 in
641 2040 990 2107 iudicando
1035 2038 1120 2107 de
1167 2040 1602 2119 sensibilibus,
1649 2041 1742 2108 ita
1788 2038 1993 2125 quod,
2028 2038 2085 2107 si
2134 2040 2325 2107 luerit
2370 2042 2435 2107 in
2480 2041 2681 2107 donno
2726 2061 2998 2109 suorum

526 2157 874 2239 parentum
937 2174 1139 2239 pecus
1199 2154 1306 2221 uel
1367 2174 1631 2238 pannus
1697 2153 1801 2221 uel
1863 2153 2113 2239 aliquid
2176 2154 2550 2221 huiusmodi
2610 2156 2716 2222 nel
2761 2160 2999 2240 putens
3028 2162 3081 2205 ¹³

527 2288 744 2353 aquae
800 2269 1011 2336 salsae
1031 2316 1050 2347 ‚
1114 2268 1374 2353 putabit
1418 2272 1484 2334 et
1529 2268 1907 2336 aestimabit
1954 2268 2133 2353 quod
2180 2268 2247 2335 in
2292 2253 2439 2337 aliis
2482 2268 2791 2337 domibus
2836 2270 3001 2338 alio·

529 2402 676 2449 rum
721 2400 1074 2465 puerorum
1120 2382 1206 2449 sit
1247 2380 1458 2448 simile
1500 2382 1690 2459 huic;
1745 2381 1860 2448 sed
1909 2385 2267 2467 postquam
2312 2384 2593 2451 creuerit
2636 2387 2707 2451 et
2752 2384 3000 2452 intelle·

529 2496 696 2561 xerit
759 2500 827 2561 et
888 2494 1397 2561 considerauerit
1441 2514 1548 2561 res
1591 2494 1983 2561 sensibiliter
2024 2499 2093 2562 et
2138 2496 2497 2581 respexerit
2540 2496 2999 2581 dispositiones

530 2608 806 2673 aliorum
852 2606 1268 2689 singulorum,
1313 2612 1662 2687 cognoscet
1707 2608 2133 2675 certitudines
2178 2628 2407 2675 eorum
2454 2609 2565 2694 qui
2610 2610 2893 2695 putabat
2934 2614 2997 2679 et

529 2720 920 2785 aestimabat
965 2720 1028 2785 in
1075 2718 1307 2785 diebus
1349 2720 1688 2804 pueritiae.
1781 2725 1850 2787 et
1895 2721 2425 2789 manifaetabitur
2468 2722 2549 2803 ei,
2594 2743 2802 2789 unum
2849 2728 2999 2808 post
3026 2730 3083 2772 θ’

530 2831 728 2911 aliud,
775 2852 862 2897 an
909 2836 1086 2898 certa
1129 2832 1326 2899 suerit
1367 2832 1509 2899 eius
1551 2834 1927 2901 aestimatio
1974 2854 2063 2901 an
2106 2854 2407 2903 erronea.

741 2943 926 3011 Scias
987 2942 1182 3027 igitur
1241 2946 1420 3030 quod
1485 2946 1844 3013 secundum
1891 2946 2019 3013 hoc
2064 2948 2436 3031 exemplum
2484 2951 2756 3015 currunt
2800 2949 2999 3017 etiam

528 3057 752 3124 omnia
797 3057 1032 3124 iudicia
1077 3057 1570 3141 intelligentium
1617 3064 1686 3127 et
1727 3080 1959 3127 eorum
2004 3062 2383 3145 putationes
2410 3066 2477 3128 et
2506 3062 3005 3130 aestimationes

533 3172 599 3237 in
661 3171 857 3237 rebus
918 3174 1072 3236 ante
1135 3170 1620 3255 inquisitionem
1685 3177 1753 3239 et
1815 3172 2286 3241 renotationem
2350 3174 2669 3241 ueritatis.
2780 3174 3003 3259 plures

531 3285 705 3353 enim
749 3304 832 3351 ex
873 3283 1247 3351 hominibus
1290 3304 1439 3351 cum
1484 3286 1712 3353 uident
1757 3287 1822 3351 in
1869 3288 2049 3353 terra
2076 3306 2199 3354 sua
2238 3290 2511 3353 uentum
2542 3288 2647 3353 uel
2685 3288 3006 3373 pluuiam,
3031 3292 3088 3337 ⁵

533 3399 640 3465 uel
701 3398 986 3465 calorem
1048 3396 1154 3462 uel
1215 3397 1415 3479 frigus
1435 3446 1454 3477 ‚
1517 3398 1624 3465 uel
1669 3398 1846 3465 diem
1891 3398 1997 3465 uel
2042 3404 2304 3466 noctem
2326 3448 2347 3479 ‚
2412 3398 2519 3467 uel
2564 3399 2852 3467 hiemem
2898 3400 3009 3469 uel

534 3516 852 3581 aestatem
875 3560 893 3592 ,
951 3513 1187 3594 putant
1239 3514 1306 3578 et
1367 3512 1721 3579 aestimant
1782 3512 1963 3597 quod
2009 3512 2307 3579 similiter
2350 3512 2433 3578 sit
2480 3513 2546 3579 in
2592 3514 2827 3581 ceteris
2872 3519 3009 3582 ter-

537 3626 646 3705 ris,
691 3624 1054 3691 secundum
1101 3623 1688 3692 considerationem
1735 3624 1876 3691 eius
1920 3625 2105 3710 qnod
2152 3626 2484 3693 inuenitur
2528 3626 2593 3693 in
2643 3631 2823 3696 terra
2866 3647 3007 3695 sua.

537 3739 704 3805 sicut
749 3737 1048 3805 solebant
1089 3741 1322 3821 putare
1343 3786 1361 3818 ,
1425 3757 1575 3805 cum
1623 3741 1814 3805 erant
1857 3739 2045 3823 pueri
2065 3785 2085 3820 ‚
2148 3740 2332 3823 quod
2380 3740 2447 3806 in
2494 3740 2804 3808 domibus
2846 3741 3013 3809 alio-

739 4013 1523 4088 2pueritistpsrnitsteN
1681 4012 2412 4089 GitiquodlitsqNV
2574 4014 3014 4082 ebiberit-‚2

541 4108 632 4165 nel
659 4108 672 4180 Ι
696 4108 833 4178 fehlt
866 4108 931 4164 N
1078 4108 1146 4164 10
1175 4108 1426 4165 amiserit
1451 4108 1465 4176 Ι
1492 4108 1740 4165 ammisit
1787 4108 1838 4163 V
1990 4106 2309 4174 inuenerit!
2338 4107 2553 4165 inuenit
2588 4107 2636 4164 V
2804 4108 2871 4165 12
2904 4108 3005 4166 um

541 4200 630 4257 sui
657 4203 670 4271 Ι
697 4200 784 4257 sui
843 4198 942 4255 lilii
995 4198 1056 4253 N
1217 4199 1284 4255 14
1330 4198 1692 4258 sensibilibus
1719 4202 1734 4269 1
1759 4199 2129 4257 sensibilibus
2160 4198 2311 4285 qnod
2344 4198 2405 4255 in
2440 4197 2567 4285 aliis
2600 4198 2867 4285 domibus
2894 4198 3011 4270 (N)

542 4312 600 4369 in
632 4310 800 4367 domo
827 4311 840 4380 1
869 4308 926 4365 in
959 4308 1088 4365 aliis
1121 4308 1180 4364 in
1213 4308 1382 4365 domo
1410 4308 1472 4364 N
1602 4310 1668 4365 19
1702 4308 2053 4380 singulorum
2084 4318 2097 4371 1
2124 4306 2471 4379 sinoeutamm
2489 4308 2551 4363 N
2562 4308 2615 4361 V
2752 4308 2989 4378 eoram

544 4404 773 4487 istorum
809 4416 1003 4457 eorum
1037 4399 1099 4455 N
1251 4399 1486 4470 putabet
1511 4400 1526 4469 Ι
1553 4400 1771 4471 putabit
1803 4402 2101 4471 torrium-e
2138 4400 2197 4453 ὅκ
2234 4400 2500 4470 ,putabst‘
2544 4398 2595 4453 V
2741 4399 2813 4455 2⁰
2843 4399 3011 4456 sesti·
3138 4385 3149 4395 ’

543 4510 770 4579 mahat!
799 4506 1103 4563 estimabat
1138 4505 1196 4561 N
1210 4506 1260 4561 V
1288 4508 1406 4562 und
1435 4523 1500 4562 so
1533 4510 1728 4564 immeo·
1838 4507 1909 4565 21
1942 4512 1998 4563 et
2024 4509 2037 4577 Ι
2060 4506 2199 4574 [dm
2234 4504 2293 4560 N
2390 4505 2460 4561 28
2492 4505 2741 4564 hiemem
2772 4508 2787 4579 Ι
2816 4506 3016 4563 tm
3098 4592 3103 4596 ο

557 4600 606 4653 V
636 4614 848 4670 yemem
885 4598 944 4652 N
1071 4598 1138 4653 27
1177 4597 1250 4653 sit
1283 4597 1342 4654 ln
1369 4597 1383 4668 Ι
1409 4596 1525 4655 sint
1566 4598 1624 4654 N
1687 4682 1692 4688 Ι
1748 4599 1820 4655 29
1857 4604 2019 4654 erant
2044 4608 2059 4659 ε
2084 4604 2139 4653 el
2171 4595 2407 4666 (,enl=n‘)
2442 4596 2503 4651 N

3764 1112 3783 1215 ’.Ἣ
3766 1036 3779 1105 ...-
3764 962 3779 1029 ..Q
3772 942 3781 956 ,
3772 930 3779 935 ,
3770 873 3777 923 -..0
3768 822 3776 857 ι·-

3814 990 3821 995 .

3743 2598 3767 2855 -...-.,,’“,“”
3744 2520 3754 2535 “
3748 2324 3768 2477 ’,ΦΨ-ἢ
3750 2112 3775 2275 ’,ῃοο“..ι
3756 2045 3765 2076 .-
