3867 5384
903 446 974 502 24
1765 462 1774 471 ·
2020 445 2275 503 tlt-Kiudt

911 587 1311 655 caliditatem
1357 590 1680 665 nostram,
1729 591 1886 655 tunc
1933 587 2345 681 infrigidatur
2373 586 2552 670 quod
2580 589 2860 671 apparet
2884 585 2970 652 de
3000 584 3396 669 corporibus·

906 701 1148 767 nostris
1213 704 1278 767 et
1335 701 1763 769 humectatur
1823 702 2122 769 caliditas
2184 706 2251 768 et
2296 700 2753 767 mollificantur
2796 718 3027 766 sensus
3072 701 3139 765 et
3182 716 3383 780 graue

907 814 985 880 fit
1027 813 1220 880 nobis
1265 813 1364 881 uti
1411 813 1529 893 eis,
1575 820 1644 882 et
1691 815 1819 895 illi,
1887 834 2168 899 quorum
2214 832 2371 879 usus
2417 818 2517 881 ost
2559 833 2711 881 cum
2758 812 3134 899 apertione,
3199 812 3375 879 clau·

907 927 1173 994 duntur.
1266 931 1337 994 et
1399 928 1455 993 si
1513 927 1744 995 uiuum
1791 929 1876 995 sit
1919 928 2288 995 secundum
2332 926 2827 1011 dispositionem
2873 946 2959 993 ne
3003 926 3228 995 ualeat
3270 945 3384 993 eos

853 1069 881 1111 ι
909 1041 1236 1120 claudere,
1283 1047 1529 1109 natura
1575 1045 1932 1126 praeparat
1978 1041 2074 1108 eis
2116 1040 2295 1125 quod
2342 1041 2521 1125 ipsos
2564 1040 2857 1109 claudat
2878 1037 3172 1121 asensu',
3216 1041 3385 1108 sicut

909 1158 1011 1222 est
1081 1156 1147 1222 id
1221 1155 1404 1239 quod
1481 1155 1720 1222 accidit
1793 1155 2021 1222 oculis,
2100 1154 2276 1238 'ipsa
2340 1155 2512 1222 enim
2578 1156 2905 1223 conuertit
2982 1155 3399 1238 nigredinem·

909 1286 1137 1335 corum
1204 1272 1273 1336 et
1333 1269 1624 1336 occultat
1685 1270 1810 1335 sub
1877 1269 2219 1353 palpebris
2282 1269 2762 1353 superioribus;
2828 1269 2977 1336 licet
3021 1270 3107 1336 sit
3148 1266 3387 1337 natura

909 1381 1333 1461 animalium,
1380 1382 1620 1465 quibus
1663 1381 1978 1465 possibile
2024 1387 2125 1449 est
2168 1382 2576 1467 nigredinem
2600 1384 2722 1449 sui
2767 1382 2953 1449 uisus
2997 1382 3297 1450 dilatare·
3322 1381 3389 1450 et

910 1494 1376 1575 constringere,
1422 1494 1592 1561 sicut
1639 1494 1975 1561 inuenitur
2019 1496 2088 1560 in
2132 1496 2298 1563 catis
2340 1499 2410 1561 et
2452 1495 2787 1579 leporibus
2830 1500 2917 1561 et·
2944 1496 3011 1562 in
3039 1495 3389 1579 rapacibus

833 1640 886 1682 ,ο
909 1607 1144 1674 auibus
1223 1612 1292 1673 et
1374 1628 1547 1692 quae
1623 1612 1781 1674 sunt
1825 1607 1964 1675 ita.
1998 1610 2007 1617 ’
2110 1609 2255 1693 ipsa
2328 1609 2506 1674 enim
2584 1612 2740 1675 sunt
2822 1611 3223 1695 praeparata
3294 1610 3387 1676 ad

911 1721 1492 1804 constringendum
1566 1718 1975 1803 nigredinem
2039 1722 2141 1789 sui
2204 1721 2386 1789 uisus
2447 1727 2517 1789 et
2577 1712 2996 1790 dilatandum
3061 1742 3230 1789 eam.
3322 1726 3391 1788 et

913 1834 1229 1917 palpebra
1281 1839 1674 1901 constructa
1737 1839 2087 1918 corrugata
2132 1839 2233 1902 est
2276 1835 2728 1919 constringens
2774 1834 3176 1917 nigredinem
3198 1883 3219 1914 ‚
3295 1835 3405 1901 ita·

913 1953 986 2013 ut
1047 1950 1250 2031 [cum]
1311 1951 1432 2016 fiat
1494 1948 1562 2014 in
1611 1948 2042 2033 dispositione
2086 1969 2303 2035 neque
2346 1949 2587 2017 sentiat
2629 1948 2878 2033 aliquid
2924 1944 3196 2031 propter
3239 1966 3391 2028 gra-

911 2062 1218 2128 uedihem
1281 2082 1442 2129 usus
1486 2063 1630 2129 eius
1673 2060 1742 2128 in
1787 2063 2055 2131 animali
2100 2084 2251 2129 cum
2299 2064 2533 2145 frigore
2578 2062 2827 2151 cerebri
2871 2047 2941 2127 et
2992 2059 3392 2127 humiditate

837 2214 886 2251 ,ᾗ
913 2175 1073 2243 eius.
1167 2176 1260 2244 ita
1323 2180 1400 2242 ut
1461 2196 1614 2243 cum
1678 2196 1804 2244 nos
1869 2178 2175 2243 uolumus
2238 2198 2618 2261 prouocare·
2642 2179 2987 2254 somnum,
3056 2173 3393 2259 quiescere

913 2290 1187 2357 facimus
1250 2310 1532 2374 corpora
1595 2296 1825 2357 nostra
1887 2313 1930 2358 a
1994 2297 2179 2359 motu
2254 2296 2321 2358 et
2366 2291 2732 2358 claudimus
2778 2290 3133 2375 palpebras
3178 2292 3245 2355 et
3290 2287 3390 2355 i'n·

911 2404 1258 2485 gestiamus
1322 2404 1612 2480 tenebris
1673 2405 1824 2472 loca
1885 2408 2115 2474 nostra
2178 2411 2247 2472 et
2306 2406 2691 2487 elongamus
2747 2424 2791 2471 a
2834 2404 3028 2469 nobis
3074 2423 3272 2470 uoces
3319 2407 3395 2469 ut

915 2517 1294 2584 destruatur
1338 2537 1498 2583 usus
1543 2537 1883 2598 sensuum,
1928 2538 2134 2602 quare
2178 2522 2255 2585 m
2297 2537 2588 2598 somnus⁹
2635 2538 2837 2603 quein
2867 2517 3289 2584 dellniuimus
3328 2517 3394 2583 in
3514 2555 3522 2563 ·

914 2630 1326 2716 principio..

839 2780 894 2819 ,ο
982 2794 988 2801 .
1131 2744 1211 2810 Et
1273 2744 1360 2810 ‹le
1419 2744 2007 2828 significationibus
2072 2746 2306 2812 iterum
2370 2747 2457 2812 ad
2522 2745 2677 2812 illud
2744 2750 2846 2813 est
2901 2745 3081 2830 quod
3127 2744 3397 2828 quando

921 2876 1043 2923 nos
1111 2859 1360 2942 ingredi
1409 2858 1690 2926 facimus
1734 2860 2201 2941 cogitationem
2248 2865 2543 2928 nostram
2591 2860 2862 2927 introitu
2910 2858 3289 2927 uehementi
3332 2863 3401 2925 et

922 2971 1346 3037 iucurnanmr
1389 2973 1476 3039 ad
1527 2972 2005 3056 inspiciendum
2052 2974 2118 3039 in
2146 2973 2347 3054 libris,
2393 2973 2787 3057 cogitatione
2833 2974 2901 3039 in
2932 2973 3027 3039 eis
3054 2973 3414 3053 existentes

924 3089 992 3151 et
1053 3086 1390 3169 quiescere
1443 3085 1722 3153 facimus
1767 3088 2069 3153 membra
2114 3092 2341 3153 nostra
2385 3086 2472 3153 ad
2518 3087 2674 3153 illud
2694 3136 2713 3167 ,
2781 3090 2938 3154 tunc
2984 3085 3399 3170 infrigidatur

928 3198 1104 3282 quod
1167 3205 1452 3283 apparet
1513 3199 1598 3266 de
1661 3200 2051 3285 corporibus
2096 3202 2336 3269 nostris
2378 3200 2647 3286 propter
2690 3201 3129 3287 prIuationem
3178 3199 3409 3267 calidi·.

1133 3388 1158 3439 1
1197 3384 1533 3442 caliditatem
1565 3386 1577 3455 Ι
1605 3386 1937 3457 qualitatem
1976 3387 2023 3438 S
2066 3391 2125 3443 et
2166 3386 2265 3457 qui
2300 3386 2637 3443 caliditatem
2676 3387 2737 3441 N
2900 3386 3073 3453 tunel
3101 3391 3160 3443 et
3190 3401 3317 3440 eum
3358 3387 3406 3439 S

931 3468 1323 3537 infrigidatur}
1353 3469 1643 3541 infrigidat
1677 3470 1740 3524 N
1885 3470 1922 3525 2
1957 3470 2352 3527 mollificantur
2378 3470 2391 3537 Ι
2419 3470 2771 3527 mollificetur
2808 3470 2869 3524 N
2902 3462 3273 3526 moliticcntur
3306 3467 3405 3523 Μ’

932 3552 1067 3607 nacto
1109 3568 1308 3607 sensus
1333 3551 1350 3622 1
1379 3552 1566 3609 Luci-o
1617 3556 1664 3607 8
1695 3554 1872 3609 nostri
1906 3555 2005 3609 w
2134 3556 2170 3610 3
2220 3552 2381 3618 nobis
2409 3555 2422 3624 Ι
2446 3554 2497 3613 ei
2550 3555 2617 3613 N
2743 3554 2827 3611 uti
2854 3554 2869 3621 Ι
2897 3559 2959 3611 ut
2990 3553 3053 3623 (l)
3106 3556 3153 3607 S
3320 3551 3400 3608 illi

929 3646 1168 3709 quorum
1195 3636 1208 3706 l
1236 3636 1460 3693 illorum
1497 3639 1543 3691 S
1626 3639 1918 3710 apertione
1944 3640 1959 3706 l
1984 3643 2187 3711 aptdne
2221 3638 2271 3694 8
2338 3638 2373 3693 4
2406 3642 2463 3694 et
2488 3638 2663 3710 tquia
2683 3638 2743 3694 Ν
2840 3638 3037 3694 uiuum
3064 3637 3079 3703 l
3106 3636 3299 3693 ulnutn
3338 3636 3404 3703 (l)

933 3724 980 3775 S
1073 3720 1163 3775 δι
1197 3736 1366 3777 sensu
1395 3722 1410 3785 l
1437 3737 1672 3777 ascensu
1710 3724 1756 3773 S
1907 3724 1945 3774 6
1978 3721 2033 3779 id
2064 3722 2075 3789 Ι
2106 3720 2241 3777 illud
2276 3721 2370 3776 Μ·
2503 3722 2680 3778 oeulis
2706 3722 2721 3789 Ι
2746 3720 2956 3777 occulis
2990 3722 3039 3774 8
3168 3718 3403 3790 nigredi-

931 3821 1060 3861 nem
1090 3805 1102 3872 Ι
1131 3804 1192 3859 in
1225 3803 1568 3874 nigredinem
1609 3805 1705 3859 w
1855 3804 1892 3859 8
1929 3803 2273 3875 nigredinem
2308 3804 2397 3860 :ui
2432 3804 2587 3862 uisus
2614 3806 2625 3872 1
2655 3804 2998 3875 ingr-edinen·
3030 3803 3118 3861 sui
3154 3803 3310 3863 uisu·
3346 3804 3409 3859 N

929 3888 1016 3943 sui
1053 3888 1209 3943 uisus
1243 3884 1588 3957 ingredinem
1623 3890 1670 3938 .5·
1797 3887 1834 3941 a
1867 3886 2013 3943 sicut
2046 3886 2329 3943 inuenitur
2356 3918 2369 3953 .
2397 3887 2455 3943 in
2488 3887 2728 3963 ditatura
2764 3890 2812 3942 S
2906 3888 3049 3945 eati·
3074 3887 3087 3957 Ι
3117 3886 3305 3959 ghaun
3348 3889 3407 3942 Ν

930 3969 1076 4027 cuti:
1105 3968 1170 4041 (l)
1221 3972 1270 4025 S
1397 3970 1684 4041 leporibus
1711 3970 1724 4039 Ι
1751 3968 2048 4041 soporibus
2082 3972 2145 4039 (l)
2181 3972 2227 4024 S
2348 3970 2409 4026 in
2436 3972 2615 4039 'reme
2647 3972 2745 4027 Μ’
2877 3971 2947 4027 10
2978 3970 3058 4028 ita
3084 3972 3097 4043 Ι
3124 3970 3312 4043 itaquo
3346 3972 3412 4028 N

934 4054 996 4110 11
1031 4053 1120 4110 cui
1155 4052 1348 4121 uisus!
1379 4052 1538 4111 uisu·
1570 4052 1660 4109 sui
1697 4054 1744 4108 S
1909 4054 1973 4108 12
2024 4058 2334 4110 constructa
2372 4052 2702 4124 corrugata!
2730 4054 3025 4111 constricta
3056 4060 3320 4125 corrugata
3347 4054 3409 4109 Ν

930 4136 1229 4195 constricta
1277 4144 1576 4209 corrugata
1635 4138 1730 4192 ,11¹
1775 4136 1914 4199 fehlt
1950 4140 1996 4190 S
2158 4142 2245 4193 eet
2276 4136 2693 4209 constringens!
2724 4137 2798 4193 ad
2830 4136 3322 4207 constringendum
3360 4138 3409 4191 S

935 4222 1002 4277 13
1033 4220 1202 4291 [cum]
1229 4222 1242 4291 Ι
1266 4222 1405 4290 teme
1440 4221 1583 4277 811²
1717 4236 1900 4293 neque
1927 4224 1939 4287 Ι
1968 4236 2040 4277 ne
2078 4219 2309 4289 tl¹te1au
2344 4219 2405 4275 Ν
2559 4221 2760 4279 13-1«
2796 4220 3159 4293 grauedinem
3188 4220 3200 4288 Ι
3228 4220 3407 4289 ingre·

931 4306 1118 4362 dinem
1156 4308 1228 4387 S.
1303 4305 1370 4362 15
1403 4304 1484 4362 ita
1511 4304 1525 4375 Ι
1548 4306 1687 4373 teme
1725 4305 1772 4357 S
1881 4321 1987 4361 noc
2014 4316 2026 4365 Ι
2050 4304 2184 4373 selah
2214 4302 2277 4359 N
2394 4319 2651 4362 munnam
2682 4307 2694 4373 Ι
2720 4303 3038 4378 sompnium
3072 4304 3134 4359 N
3230 4302 3295 4360 18
3328 4302 3409 4391 ta·

934 4438 1114 4496 cimu-
1141 4439 1154 4508 Ι
1181 4402 1454 4495 ‘aciamus
1485 4441 1533 4493 S
1663 4438 1958 4510 palmia-n
1986 4439 1999 4504 Ι
2028 4438 2304 4511 palpebris
2336 4444 2558 4496 nocti-ac
2593 4442 2641 4493 5·
2760 4438 2965 4495 ιιι-Π
2991 4436 3381 4509 ingeniamucl

935 4521 1286 4592 ingemamun
1321 4522 1462 4576 SH‘
1495 4522 1891 4591 ingemuimus
1925 4520 1988 4576 N
2132 4523 2192 4579 17
2230 4538 2437 4591 uocet.
2466 4522 2671 4578 uni-lm·
2700 4522 2762 4578 N
2894 4522 2959 4577 18
2986 4517 3427 4587 ιΙοΙὶιιίιιίιιιιιιΙ·

935 4603 1305 4660 diffiniuimua
1337 4604 1402 4659 N
1429 4604 1620 4661 Luci-e
1655 4606 1702 4657 S
1783 4604 1854 4661 m
1885 4604 1957 4661 Et
1982 4606 1995 4671 Ι
2022 4604 2256 4677 qulaN
2336 4606 2405 4662 ad
2441 4604 2575 4663 illud
2606 4605 2618 4673 Ι
2646 4604 2796 4662 illius
2833 4604 2944 4661 Ν·
2988 4604 3052 4661 21
3092 4589 3425 4685 nocttaml

937 4686 1072 4753 rem
1123 4688 1169 4739 8
1169 4686 1273 4743 u·
1439 4687 1511 4743 22
1561 4686 1924 4745 inem-namur
1948 4692 1963 4756 Ι
1990 4688 2316 4747 incarnatur
2350 4691 2396 4743 S
2558 4688 2962 4760 inspiciendum
2990 4668 3409 4788 inspiciendum

940 4768 1094 4826 ΝΜ·
1227 4770 1622 4843 infrigidatur
1614 4788 1625 4841 ι
1653 4770 2008 4842 rcmgidatur
2041 4770 2125 4828 Ν
2226 4770 2293 4829 2⁸
2328 4776 2553 4845 proptor
2578 4771 2593 4841 ι
2618 4785 2733 4844 por
2751 4770 2813 4827 Ν
2960 4796 2975 4809 ·
