3867 5384
893 528 1060 587 Liber
1091 530 1522 587 inuodnetodu·
1553 530 1614 588 in
1647 534 1822 587 artem
1857 530 2075 604 lotia·
2104 530 2619 591 demonstrationis.
2918 532 2997 589 57

527 669 758 737 duales
823 690 958 737 non
1021 674 1122 739 est
1181 690 1448 739 neeesse
1509 690 1704 739 ueras
1763 692 1908 741 esse
1970 671 2057 740 de
2100 674 2245 741 tota
2288 673 2525 757 speeie.
2616 672 3001 741 neconmis

529 786 898 869 proprietas
941 784 1242 869 specialis
1287 803 1448 853 uera
1491 788 1592 853 est
1639 786 1724 853 de
1767 789 1914 853 toto
1956 804 2217 869 genere.
2308 778 2487 855 unde
2530 806 2665 855 non
2692 806 3001 853 exerceas

531 920 647 967 eas
710 898 778 966 in
841 898 1434 979 demonstratione,
1497 918 1617 967 nec
1663 900 1906 967 iudices
1948 920 2071 985 per
2112 920 2229 969 eas
2272 900 2613 983 absolute,
2682 901 2997 985 quoniam

533 1034 666 1080 non
715 1012 842 1081 eris
885 1032 1006 1097 per
1049 1032 1166 1079 eas
1209 1016 1426 1081 certus
1471 1012 1536 1081 in
1581 1012 1955 1081 iudicando.

749 1126 888 1195 lam
955 1126 1150 1208 igitur
1211 1126 1628 1195 manifestum
1685 1130 1786 1195 est
1831 1126 1947 1195 tibi
1994 1128 2175 1213 quod
2220 1128 2555 1212 sapientes
2598 1132 2668 1195 et
2712 1127 2997 1213 philoso-
3024 1144 3061 1187 ⁸

535 1240 818 1325 pluentes
863 1258 996 1305 non
1041 1244 1406 1324 posuerunt
1449 1238 2085 1325 argumentationem
2130 1242 2721 1309 demonstratiuam
2766 1242 2889 1309 nisi
2926 1246 3003 1309 ut
3040 1286 3057 1297 ·

535 1374 656 1439 per
719 1374 866 1421 eam
931 1344 1252 1421 scirentur
1309 1376 1390 1423 ea
1451 1372 1624 1439 quae
1685 1374 1820 1422 non
1863 1354 2159 1422 sciamur
2204 1354 2327 1423 uisi
2372 1375 2495 1441 per
2534 1354 2999 1441 syllogi-um.

537 1472 608 1536 et
669 1468 836 1533 haec
899 1471 1052 1533 sunt
1115 1488 1198 1533 ca
1243 1487 1416 1552 quae
1459 1488 1594 1537 non
1637 1474 1916 1555 possunt
1958 1468 2107 1537 sciri
2150 1490 2273 1555 per
2314 1488 2583 1537 sensnm
2602 1518 2623 1549 .
2686 1490 2809 1537 nec
2850 1473 3005 1536 sunt

543 1582 630 1647 de
689 1580 920 1666 primis
981 1580 1414 1649 intellectibus
1433 1632 1452 1665 ,
1513 1582 1636 1651 nisi
1699 1584 2063 1651 secundum
2116 1584 2297 1651 uiam
2360 1582 2849 1668 designationis.
2937 1587 3006 1651 et

539 1694 669 1761 hoc
711 1696 813 1761 est
855 1694 1034 1779 quod
1079 1698 1358 1763 uocatur
1397 1695 1889 1765 demonstratio.
2810 1684 2823 1693 ’
3034 1710 3095 1753 1·

761 1806 951 1875 Scias
1011 1813 1238 1877 autem
1301 1810 1480 1895 quod
1541 1830 1981 1897 unaquaeque
2042 1830 2153 1879 ars
2198 1800 2401 1879 habet
2442 1810 2747 1897 opificem
2790 1830 3005 1877 suum.

545 1927 613 1991 et
657 1922 1108 2007 unusquisque
1151 1923 1368 2009 opifex
1413 1924 1728 2009 cuiusque
1769 1924 1932 1992 artis
1976 1924 2043 1991 in
2088 1924 2452 1991 initiisterio
2494 1944 2620 1991 suo
2662 1923 2867 1991 babet
2900 1920 3009 1991 r'a-

545 2036 724 2104 dices
743 2086 761 2117 ,
809 2037 876 2103 in
922 2036 1160 2121 quibus
1203 2038 1624 2119 conueniunt,
1669 2042 1736 2105 et
1779 2036 1985 2106 habet
2026 2038 2243 2123 prima
2286 2038 2355 2105 in
2398 2058 2523 2105 sua
2564 2036 2841 2105 scientia
2860 2086 2878 2117 ,
2938 2036 3007 2103 in

547 2150 786 2236 quibus
849 2170 983 2217 non
1044 2150 1372 2218 differunt.
1479 2150 1694 2237 prima
1757 2152 1932 2219 enim
1990 2150 2499 2237 uniuscuiusque
2542 2150 2705 2218 artis
2746 2154 3009 2235 siimpta

547 2266 704 2331 sunt
765 2264 854 2331 ab
917 2264 1048 2331 alia
1111 2266 1294 2347 arte,
1357 2284 1530 2350 quae
1591 2266 1924 2351 praecedit
1984 2284 2157 2334 earn.
2209 2278 2227 2291 “
2248 2270 2317 2334 et
2358 2266 2529 2333 scias
2570 2252 2753 2349 quod
2794 2264 3009 2348 prima
3036 2274 3093 2318 υ·

547 2378 711 2447 artis
773 2378 1334 2447 demonstratiuae
1395 2383 1746 2447 annuatur
1801 2399 1883 2446 ex
1942 2378 2047 2447 his
2108 2398 2283 2465 quae
2344 2382 2502 2445 sunt
2564 2378 2757 2463 primi
2824 2378 3011 2445 intel·

551 2493 781 2559 lectus.
908 2488 1272 2576 primorum
1345 2496 1566 2561 autem
1639 2470 2085 2561 intellectuum
2155 2492 2479 2578 principia
2548 2496 2901 2559 smnuntur
2969 2514 3012 2560 a

551 2606 872 2686 sensibus,
917 2606 1084 2673 sicut
1127 2606 1588 2691 praediximus.
1929 2652 1939 2659 -

768 2718 954 2786 Scias
1015 2718 1214 2787 etiam
1277 2720 1456 2804 quod
1517 2722 1678 2789 artis
1721 2720 2285 2789 demonstratiuae
2329 2722 2485 2787 sunt
2528 2720 2702 2788 duae
2746 2720 3011 2805 species,

553 2832 797 2899 scilicet
860 2833 1222 2914 geometria
1265 2838 1332 2901 et
1377 2834 1604 2917 logica.
1695 2834 1910 2918 prima
1954 2839 2179 2902 autem
2226 2853 2401 2918 quae
2442 2836 2599 2900 sunt
2644 2832 2711 2901 in
2753 2853 3013 2917 geome-
3038 2844 3097 2887 ε·

557 2946 685 3014 tria
747 2949 1097 3013 sumuntur
1159 2967 1241 3015 ex
1303 2948 1435 3016 alia
1495 2952 1638 3015 arte
1699 2968 1874 3033 quae
1936 2951 2039 3015 cst
2082 2948 2261 3033 prior
2304 2948 2448 3027 illa,
2510 2946 2681 3013 sicut
2722 2968 2805 3015 ea
2847 2964 3017 3030 quae

559 3060 724 3127 dixit
753 3060 1143 3128 Euclides:
1191 3065 1472 3145 punctus
1517 3065 1616 3129 est
1661 3062 1764 3129 cui
1809 3082 1967 3145 pars
2012 3080 2147 3129 non
2192 3066 2314 3129 est.
2406 3063 2474 3127 et
2516 3060 2689 3127 linea
2730 3062 2835 3125 est
2876 3059 3017 3125 lon-

559 3175 788 3259 gitudo
851 3174 992 3241 sinc
1056 3175 1168 3243 lati
1177 3174 1420 3243 tudine.
1511 3174 1886 3261 superficies
1940 3179 2041 3242 est
2086 3195 2261 3259 quae
2306 3174 2505 3241 habet
2545 3172 3014 3257 longitudinem

561 3292 628 3360 et
693 3289 1104 3358 latitudinem
1125 3338 1145 3371 ‚
1206 3296 1273 3358 et
1335 3290 1467 3359 alia
1507 3290 1611 3357 his
1654 3290 1890 3355 similia
1936 3288 2022 3355 de
2066 3288 2509 3356 axiomatibus
2528 3336 2547 3369 ,
2612 3308 2785 3373 quae
2828 3306 3019 3373 prae-

561 3396 912 3473 mittuntur
971 3404 1037 3472 in
1101 3404 1433 3490 principiis
1495 3424 1761 3471 suorum
1825 3406 2251 3471 tractatuum.
2341 3400 2635 3469 similiter
2674 3400 2878 3469 etiam
2922 3402 3022 3467 est
3045 3408 3101 3451 ¹⁵

562 3520 874 3587 iudicium
938 3518 1021 3584 de
1067 3516 1749 3585 'demonstrationibus
1811 3516 2053 3599 logicis.
2130 3510 2458 3599 'quoniam
2524 3516 2665 3583 eius
2708 3510 3025 3599 principia

563 3636 830 3717 sumpta
876 3635 1028 3697 sunt
1073 3642 1154 3697 ex
1200 3631 1328 3697 alia
1373 3634 1516 3697 arte
1534 3679 1553 3708 ‚
1617 3650 1790 3714 quae
1833 3634 1934 3697 est
1979 3628 2159 3713 prior
2202 3648 2285 3695 ea
2306 3676 2323 3709 ,
2369 3648 2543 3714 quae
2586 3617 3023 3696 necessarium

563 3750 667 3812 est
711 3724 1117 3829 pmcponcle
1161 3739 1492 3825 discipulis
1535 3745 1688 3809 ante
1732 3742 2385 3811 demonstrationem.
2476 3741 2677 3828 quale
2718 3744 2822 3807 est
2846 3740 3023 3819 illud,
3068 3758 3101 3813 .·

567 3858 747 3944 quod
811 3856 1084 3923 dicitur:
1149 3852 1328 3937 quod
1373 3870 1568 3919 omne
1613 3855 1790 3938 quod
1837 3861 1977 3937 est,
2042 3860 2317 3941 excepto
2362 3856 2502 3923 Deo
2546 3854 2869 3939 glorioso,
2928 3856 3027 3921 est

569 3968 940 4037 substantia
1002 3966 1125 4062 uel·
1173 3965 1499 4076 accidens.
1606 3970 1674 4034 et
1735 3970 1915 4053 quod
1978 3968 2352 4037 substantia
2414 3972 2517 4036 est
2576 3968 2645 4036 id
2706 3966 2887 4053 quod
2929 3968 3031 4033 est
3052 3936 3133 4023 ⁸·⁸

775 4228 804 4311 ¹.
857 4244 960 4283 nec
1018 4226 1204 4282 omnis
1231 4224 1243 4295 Ι
1272 4241 1372 4282 nec
1420 4230 1484 4282 δι
1538 4174 1786 4315 ριιιοωοι
1845 4228 2029 4285 omnis
2081 4228 2143 4283 N
2301 4230 2339 4285 ὗ
2378 4228 2655 4300 sapientes
2688 4232 2748 4285 et
2774 4232 2787 4295 Ι
2809 4228 2947 4296 tem
2976 4225 3039 4283 ΙΙ

573 4340 606 4395 7
641 4352 768 4393 eam
795 4336 808 4403 Ι
833 4351 904 4391 ea
937 4334 996 4391 N
1161 4334 1541 4405 syllogismum
1569 4336 1580 4405 1
1609 4334 1949 4409 εἰΙΙοςίηιιιιι
1981 4336 2100 4405 NV
2256 4336 2319 4392 11
2353 4340 2541 4392 autem
2568 4334 2745 4407 ΙῙοΙΜ
2773 4333 2836 4391 11
2960 4350 3034 4391 e·

576 4431 636 4487 11
654 4428 777 4485 -12
811 4426 1167 4496 nondumne.-
1201 4426 1350 4497 quod
1387 4442 1754 4501 unaquaeque
1787 4443 1880 4484 ars
1915 4428 2086 4485 babet
2114 4444 2283 4484 suum
2302 4426 2558 4501 opificem
2579 4426 2641 4481 N
2740 4427 2804 4482 Ιο
2834 4424 3007 4495 sunt}

593 4677 645 4733 V
771 4694 846 4731 ευ
878 4674 1080 4731 92-24
1115 4656 1482 4743 Hammone.-
1511 4674 1772 4733 dllllnitio
1803 4680 2041 4748 punctus
2073 4682 2133 4733 et
2164 4676 2352 4733 lineae
2384 4682 2443 4733 ot
2472 4672 2781 4761 superficiei
2818 4672 2877 4729 Ν
2968 4672 3039 4731 88

577 4767 702 4824 sine
733 4766 1032 4824 latitudine
1059 4766 1070 4836 Ι
1097 4764 1221 4823 elne
1255 4764 1485 4859 latitudo
1519 4765 1574 4821 N
1707 4766 1777 4823 24
1811 4765 2189 4823 axiomatibus
2216 4767 2229 4837 Ι
2256 4765 2673 4824 anxlomatibnu
2706 4763 2832 4821 NV
