3867 5384
872 476 946 531 58
1984 478 2241 536 Al-Kindt

877 612 1160 680 existens
1203 632 1324 697 per
1367 634 1442 680 se
1460 663 1479 692 ‚
1541 616 1921 699 receptibile
1966 616 2471 687 contrariorum.
2564 622 2631 685 et
2674 616 2851 701 quod
2898 614 3200 683 accidens
3244 620 3347 682 est

875 725 1053 809 quod
1116 729 1218 792 est
1279 727 1346 791 in
1409 726 1636 811 aliquo
1656 776 1674 808 ‚
1739 747 1878 794 non
1921 728 2091 796 sicut
2134 748 2292 813 pars
2336 728 2477 795 eius
2498 777 2519 810 ‚
2582 735 2671 797 ct.
2693 712 3049 796 destruitur
3090 730 3347 824 absque

875 836 1318 907 destructione
1381 840 1574 907 illius.
1685 845 1753 909 et
1817 840 1999 925 quod
2061 840 2433 909 substantia
2478 842 2612 910 alia
2655 846 2757 909 est
2797 840 3073 925 simplex
3094 892 3113 921 ,
3176 842 3347 909 sicut

873 950 1022 1035 hyle
1080 956 1147 1019 et
1211 952 1424 1020 forma
1445 1004 1462 1033 ,
1526 955 1660 1021 alia
1705 960 1806 1023 est
1851 938 2220 1039 composita
2241 1005 2258 1034 ‚
2325 960 2399 1022 ut
2444 974 2702 1041 corpus.
2795 959 2863 1024 et
2903 956 3084 1040 quod
3127 957 3347 1022 omnis

820 1084 849 1125 ⁵
875 1066 1244 1134 substantia
1289 1067 1414 1149 ,uel
1481 1069 1581 1135 est
1643 1088 1846 1135 causa
1893 1082 2101 1150 agens
2141 1067 2250 1135 uel
2296 1074 2643 1137 causatum
2686 1069 2963 1154 patiens.
3053 1071 3122 1135 et
3163 1068 3345 1152 quod

873 1200 1074 1246 causa
1118 1200 1322 1263 agens
1366 1180 1626 1263 dignior
1669 1183 1773 1249 est
1816 1200 1941 1247 suo
1986 1183 2260 1263 causato
2305 1182 2617 1266 patiente.
2710 1185 2776 1251 et
2820 1182 2999 1266 quod
3041 1181 3213 1249 inter
3248 1182 3347 1248 af-

875 1294 1312 1362 firmationem
1359 1298 1426 1363 et
1471 1294 1892 1377 negationem
1936 1314 2073 1361 non
2120 1297 2223 1361 est
2266 1296 2557 1362 medium
2580 1345 2597 1377 ‚
2650 1316 2771 1363 nec
2813 1296 2983 1363 inter
3026 1295 3346 1380 priuatio-

875 1426 1024 1473 nem
1071 1410 1139 1473 et
1185 1428 1328 1474 esse
1373 1412 1474 1475 est
1517 1408 1832 1475 medium.
1924 1412 1995 1475 et
2038 1408 2219 1492 quod
2265 1410 2570 1477 accidens
2604 1430 2739 1477 non
2766 1409 2967 1477 habet
2992 1409 3343 1477 actionem.

876 1523 945 1586 ct
1003 1519 1132 1586 alia
1195 1520 1298 1586 his
1357 1520 1598 1590 similia
1617 1569 1636 1602 ‚
1699 1541 1877 1606 quae
1938 1522 2454 1607 praemittuntur
2497 1523 2829 1608 discipulis
2872 1526 3028 1591 ante
3070 1524 3348 1591 demon-

797 1648 852 1689 ιο
877 1632 1242 1701 stmuonae.
2190 1654 2197 1665 ·
3078 1652 3085 1659 ·

1085 1747 1208 1811 Ille
1269 1738 1496 1816 autem
1558 1749 1674 1835 qui
1739 1750 1885 1815 uult
1944 1750 2109 1817 scire
2153 1748 2751 1817 demonstrationes
2796 1750 3040 1831 logicas
3084 1753 3349 1835 oportet

875 1864 950 1926 ut
1001 1860 1086 1927 sit
1130 1860 1514 1929 demoratus
1558 1863 1626 1929 in
1672 1864 2250 1931 exercitationibus
2293 1863 2707 1947 geometricis
2750 1867 2819 1931 et
2860 1867 2937 1929 ut
2979 1864 3111 1931 iam
3158 1886 3347 1933 acce-

871 1972 1044 2059 perit
1095 1995 1176 2041 ex
1221 1975 1316 2042 eis
1360 1977 1622 2060 regulas
1643 2026 1662 2057 ,
1727 1997 1808 2044 eo
1855 1977 2037 2061 quod
2083 1977 2217 2043 sint
2259 1977 2692 2062 proximiores
2736 1975 3069 2061 discipulis
3110 1977 3199 2045 ad
3245 1977 3347 2043 in-

875 2088 1290 2171 telligendum
1337 2094 1404 2157 et
1447 2090 1772 2158 faciliores
1817 2090 1904 2157 ad
1951 2091 2424 2175 speculandum
2447 2141 2466 2170 ,
2530 2090 2841 2175 quoniam
2888 2090 3190 2175 exempla
3233 2111 3347 2158 eo·

795 2212 848 2253 ¹⁵
873 2220 1020 2266 rum
1065 2205 1222 2268 sunt
1264 2203 1594 2271 sensibilia
1641 2208 1709 2271 et
1753 2204 2039 2271 uisibilia
2084 2204 2233 2271 uisu
2252 2254 2271 2285 ‚
2327 2204 2635 2290 quamuis
2678 2204 3070 2271 intentiones
3114 2224 3343 2271 eorum

873 2314 1004 2382 sint
1065 2316 1383 2383 audibiles
1404 2365 1421 2397 ‚
1485 2318 1940 2401 intelligibiles.
2032 2318 2375 2387 sensibilia
2426 2319 2600 2386 enim
2666 2322 2821 2384 sunt
2872 2318 3347 2403 propinquiora

874 2428 1224 2497 intellectui
1265 2430 1755 2516 discipulorum.

1085 2541 1273 2611 Scias
1337 2544 1538 2612 etiam
1603 2546 1787 2631 quod
1850 2545 2450 2614 demonstrationes
2469 2593 2489 2626 ‚
2552 2546 2695 2613 siue
2754 2546 2883 2612 sint
2944 2544 3345 2629 geometriae

877 2654 1016 2722 siue
1060 2656 1342 2739 logicae,
1387 2678 1522 2726 non
1569 2660 1739 2727 flunt
1783 2660 1909 2726 nisi
1955 2681 2039 2727 ex
2083 2660 2610 2727 conclusionibus
2656 2660 2865 2727 certis,
2956 2659 3071 2725 uni
3116 2662 3344 2727 autem

793 2800 850 2841 su
877 2769 1272 2837 conclusioni
1319 2772 1730 2841 necessariae
1775 2778 1931 2840 sunt
1976 2774 2151 2841 duae
2194 2774 2676 2859 propositiones
2720 2776 2939 2841 certae
2982 2772 3090 2840 uel
3120 2764 3345 2858 plures

874 2886 1213 2969 quotlibet.
1307 2886 1492 2953 uerbi
1535 2887 1772 2969 gratia,
1819 2870 1890 2953 id
1924 2887 2106 2972 quod
2135 2888 2203 2955 in
2232 2888 2399 2954 libro
2444 2886 2789 2955 Euclidis
2832 2886 3344 2967 demonstratur,

872 2997 1050 3083 quod
1101 3002 1238 3065 tres
1281 3000 1504 3081 anguli
1549 3001 1869 3085 cuiusque
1915 2999 2223 3084 trianguli
2266 2999 2579 3067 rectilinei
2622 3004 2776 3067 sunt
2820 2999 3131 3084 aequales
3174 3000 3343 3067 duo·

872 3112 996 3177 bus
1057 3113 1252 3180 rectis
1271 3162 1290 3193 ‚
1353 3134 1488 3179 non
1552 3114 1771 3197 potuit
1831 3114 2101 3199 probari
2165 3111 2291 3180 nisi
2344 3120 2491 3200 pout
2554 3113 2818 3197 triginta
2860 3113 3029 3180 duas
3074 3113 3341 3195 figuras.

745 3259 752 3263 -
871 3226 1050 3309 quod
1111 3227 1478 3311 quadratus
1530 3228 1773 3295 cordae
1817 3228 2043 3311 anguli
2087 3226 2251 3294 recti
2296 3228 2593 3311 aequalis
2640 3231 2741 3295 est
2782 3226 3125 3310 quadratis
3172 3226 3343 3293 duo-

792 3364 848 3407 ετ»
873 3358 1018 3405 rum
1070 3334 1350 3406 laterum
1367 3387 1386 3420 ‚
1448 3360 1586 3408 non
1631 3342 1849 3425 potuit
1891 3340 2331 3409 demonstrari
2374 3340 2503 3407 nisi
2544 3346 2697 3426 post
2738 3340 3178 3425 quadraginta
3222 3362 3341 3408 sex

873 3454 1132 3533 figuras.
1223 3457 1292 3520 et
1334 3453 1699 3521 secundum
1743 3454 1872 3522 hoc
1917 3454 2293 3539 exemplum
2340 3458 2441 3521 est
2484 3454 2553 3521 in
2580 3454 2725 3521 aliis
2750 3473 2925 3539 quae
2949 3453 3340 3538 probantur.

873 3565 1166 3634 similiter
1225 3566 1426 3634 etiam
1489 3570 1594 3635 est
1653 3567 1970 3635 iudicium
2014 3566 2101 3635 de
2142 3566 2815 3637 demonstrationibus
2856 3552 3084 3651 logicis
3102 3616 3121 3649 ,
3186 3568 3345 3652 quia

855 3679 1226 3765 'aliquando
1271 3682 1606 3749 sufficiunt
1647 3681 1826 3749 duae
1867 3680 2375 3766 propositiones,
2421 3681 2779 3767 aliquando
2822 3681 3063 3766 plures.
3156 3681 3345 3748 uerbi

869 3792 1081 3877 gratia
1127 3794 1194 3860 in
1237 3794 1821 3876 demonstratione,
1866 3814 2005 3879 qua
2048 3794 2371 3878 probatur
2414 3794 2709 3863 animam
2754 3814 2895 3862 esse
2940 3793 3007 3859 in
3045 3814 3344 3879 corpore,

747 3884 848 3974 ’ω
873 3906 1202 3973 sufficiunt
1263 3911 1398 3975 tres
1459 3908 1946 3993 propositiones
1966 3956 1985 3989 ,
2048 3926 2225 3993 quae
2286 3912 2443 3975 sunt
2486 3907 2651 3976 hae:
2710 3906 2813 3995 ’(1)
2857 3927 3056 3975 omne
3102 3926 3345 3993 corpus

873 4018 1076 4088 habet
1114 4024 1342 4105 partes
1385 4018 1666 4109 [scilicet
1709 4018 1996 4109 plagas}
2080 4024 2149 4088 et
2192 4020 2359 4089 haec
2400 4020 2764 4106 propositio
2810 4023 2911 4089 est
2953 4019 3344 4091 uniuersalis

1074 4327 1210 4385 1-s
1264 4328 1981 4403 utquodlquodeotll
2143 4330 2209 4387 11
2248 4330 2541 4401 malcum
2577 4330 2699 4387 NV
2868 4332 3349 4401 lsssintll'uitll

873 4470 940 4525 ει
976 4468 1179 4541 mnu
1213 4470 1268 4525 n
1423 4419 1869 4544 sape-213«.
1902 4470 2173 4544 ruptim)
2222 4470 2286 4527 Ν
2429 4462 2991 4546 nusquam-sni
3048 4475 3113 4532 N
3276 4476 3345 4533 st

878 4560 1052 4617 ιιιικι
1077 4560 1090 4633 ι
1117 4559 1270 4633 qnod
1303 4560 1479 4618 habet
1513 4560 1588 4620 Ν.
1655 4562 1780 4620 Da·
1830 4562 1981 4636 quoa
2016 4564 2090 4619 sa
2124 4564 2186 4619 en
2231 4563 2284 4617 ν
2308 4564 2729 4623 carenum-a
