3867 5384
21 4969 28 5068 vv-—

45 5120 56 5174 ···

977 380 1050 440 64
1285 428 1296 437 .
1493 388 1496 391 ’
1821 389 1899 439 ’.
1990 386 2001 401 ’
2080 379 2337 441 Arminii

979 519 1119 587 eius
1181 520 1406 587 anima
1448 478 1660 605 plura.
1755 519 1820 586 in
1867 524 1999 605 quo'
2043 520 2281 588 fuerint
2323 520 2517 606 plura
2559 522 2763 644 notag
2826 520 2998 608 ips'e
2998 522 3139 589 erit
3180 520 3456 650 similior
3578 562 3589 573 ·
3620 519 3634 533 “

983 634 1232 717 angelis
1277 637 1345 700 et
1387 632 1665 700 uicinior
1706 632 1846 700 Deo
1889 638 2033 703 suo.
2108 642 2117 649 “

1199 746 1384 815 Scias
1445 738 1626 831 quod
1687 746 1890 813 homo
1944 746 2204 830 sapiens
2247 766 2400 813 cum
2387 692 2795 831 diligenter
2838 692 3217 833 speculatus
3262 694 3459 815 ruerit

985 859 1316 927 sensibilia
1378 861 1448 926 et
1499 858 2011 927 considerauerit
2054 858 2512 945 dispositiones
2556 880 2791 928 eorum
2834 862 3267 929 meditatione
3311 881 3458 941 sua,

932 997 961 1037 s
988 975 1056 1041 et
1098 971 1480 1040 discreuerit
1524 993 1604 1039 ea
1648 992 1772 1041 sua
1817 973 2357 1055 consideratione,
2402 974 3016 1057 multiplicabuntur
3058 978 3221 1041 nota
3263 974 3459 1041 intel·

987 1084 1249 1167 ligibilia
1311 1085 1529 1171 prima
1581 1086 1648 1153 in
1691 1078 1916 1153 aninia
1960 1087 2117 1154 eius,
2207 1106 2359 1153 cum
2394 1091 2628 1155 'autem
2678 1089 3045 1155 exercuerit
3088 1085 3255 1157 haec
3296 1091 3459 1154 nota

989 1200 1056 1265 in
1120 1198 1796 1287 argumentationibus
1841 1204 1911 1268 et
1950 1200 2246 1267 eduxerit
2290 1219 2371 1267 ex
2415 1200 2511 1268 eis
2556 1200 3009 1267 conclusiones
3030 1250 3049 1281 ,
3102 1204 3289 1286 tunc.
3315 1202 3459 1267 tota

991 1312 1532 1401 demonstratiua
1554 1312 2092 1397 multiplicabitur
2134 1314 2202 1379 in
2248 1314 2387 1380 eius
2414 1314 2659 1381 anima.
2740 1312 2957 1379 omnis
2982 1317 3209 1381 autem
3236 1313 3463 1383 anima

991 1426 1059 1491 in
1105 1446 1234 1510 qua
1281 1426 1794 1509 multiplicantur
1837 1418 1998 1494 nota
2040 1420 2255 1511 prima
2300 1426 2439 1494 eius
2484 1447 2639 1494 cum
2685 1426 3209 1495 demonstratiua
3228 1476 3250 1507 2
3302 1446 3464 1494 con·

921 1565 968 1607 ιο
994 1538 1274 1606 fortatur
1317 1538 1404 1607 ad
1448 1538 1943 1621 imaginandum
1987 1539 2233 1607 formas
2278 1540 2671 1625 spiritualeS,
2717 1546 2894 1623 quae
2938 1543 3094 1607 sunt
3138 1539 3465 1625 spoliatae

992 1651 1079 1719 ab
1123 1650 1292 1737 hyle.
1383 1656 1450 1718 et
1493 1656 1653 1719 tunc
1697 1652 2098 1720 assimilatur
2141 1653 2235 1720 eis
2256 1702 2275 1733 ‚
2350 1657 2417 1721 et
2462 1653 2537 1719 nt
2582 1653 2649 1721 in
2694 1654 2998 1738 potentia
3042 1654 3193 1748 talis
3237 1652 3463 1737 qualia

993 1765 1140 1849 ipsa
1183 1770 1358 1833 sunt.
1449 1786 1598 1831 cum
1647 1769 1872 1833 autem
1916 1766 1985 1831 in
2028 1770 2241 1833 morte
2284 1770 2634 1851 separatur
2678 1786 2722 1833 a
2766 1784 3045 1851 corpore
3062 1813 3085 1845 ,
3138 1766 3214 1832 fit
3257 1765 3328 1832 in
3372 1766 3468 1832 ef-

993 1877 1168 1947 fectu
1213 1869 1460 1962 'quales
1523 1883 1677 1946 sunt
1722 1880 1904 1964 ipsae
1949 1882 2014 1945 et
2056 1878 2486 1963 occupabitur
2529 1879 2705 1971 circa
2748 1898 2821 1945 se
2852 1883 2935 1965 ,et
2980 1877 3221 1945 euadet
3267 1899 3312 1947 a
3353 1896 3470 1961 ge-⁴

995 1991 1216 2058 henna
1235 2040 1255 2073 ‚
1317 1992 1558 2060 scilicet
1621 2012 1663 2059 a
1725 1991 1977 2059 mundo
2019 1990 2457 2074 generationis
2500 1995 2571 2058 et
2612 1991 3053 2077 corruptionis
3072 2040 3091 2073 ,
3155 1995 3225 2060 et
3268 1991 3473 2059 intrat

924 2130 972 2171 ns
997 2104 1398 2191 paradisum,
1445 2104 1557 2189 qui
1604 2107 1704 2172 est
1747 2104 2077 2172 saeculum
2120 2104 2515 2173 animarum.
2596 2122 2602 2129 ·
2916 2165 2921 2171 ,

1213 2218 1404 2303 Rogo
1448 2203 1663 2301 'igitur
1723 2237 1983 2302 semper
2041 2221 2116 2284 ut
2148 2212 2435 2287 'studeas
2484 2218 2813 2303 inquirere
2856 2218 3168 2287 scientias
3212 2217 3475 2285 diuinas

1003 2334 1072 2399 et
1115 2331 1426 2417 adquiras
1471 2351 1690 2399 mores
1733 2330 2058 2413 angelicos
2102 2334 2169 2399 et
2212 2334 2369 2397 ante
2410 2335 2697 2397 mortem
2744 2331 2945 2400 facias
2980 2351 3186 2417 opera
3222 2330 3475 2397 munda

1007 2448 1075 2510 et
1115 2445 1316 2512 bona.
1407 2449 1476 2511 et
1516 2464 1638 2529 per
1681 2444 1808 2511 hoc
1855 2444 2212 2511 eleuaberis
2258 2444 2344 2511 ad
2390 2462 2669 2525 regnum
2716 2445 3049 2512 caelorum
3096 2448 3163 2510 et
3208 2444 3298 2512 ad
3328 2444 3477 2511 lati-

1009 2557 1304 2624 tudinem
1347 2557 1574 2623 memdi-
1614 2557 1934 2623 caelorum
1968 2561 2030 2624 et
2062 2534 2419 2639 ingreditur
2446 2558 2671 2627 anima
2704 2564 2822 2625 tua
2846 2558 3099 2625 munda
3126 2558 3483 2643 spiritualis

927 2694 983 2736 eo
1008 2667 1162 2757 [ad]
1225 2670 1642 2754 paradisum,
1707 2670 1820 2755 qui
1865 2675 1967 2739 cst
2009 2671 2339 2757 saeculum
2386 2672 2783 2739 animarum.
2874 2674 3051 2739 Deus
3096 2676 3171 2739 te
3207 2671 3481 2740 adiuuet

1011 2803 1273 2867 semper
1331 2785 1419 2852 ad
1471 2784 1991 2867 cognoscendam
2037 2784 2383 2852 ueritatem
2427 2789 2496 2852 et
2540 2784 2627 2852 a'd
2676 2750 3045 2853 faciendam
3091 2786 3477 2859 bonitatem.

1227 2884 1602 2985 [completa
1647 2900 1749 2963 est
1794 2897 2088 2981 epistola.
2177 2897 2329 2963 Deo'
2360 2896 2663 2987 gratias]

1223 3136 1244 3187 1
1284 3132 1528 3201 ruerint!
1557 3132 1785 3188 ruerunt
1830 3090 1890 3186 N
2050 3130 2086 3188 4
2136 3130 2565 3203 dispositiones!
2594 3132 3015 3205 dispositionem
3050 3131 3108 3187 N
3181 3178 3191 3203 ·.
3274 3130 3313 3187 δ
3343 3132 3451 3201 eal

1017 3225 1116 3280 illa
1164 3223 1226 3278 N
1381 3225 1418 3278 8
1451 3224 1634 3280 omnis
1674 3228 1862 3305 autern
1899 3223 2089 3279 anima
2114 3224 2125 3291 Ι
2150 3224 2288 3293 fehlt
2324 3224 2397 3287 Ν.
2431 3241 2523 3278 am
2558 3224 2757 3303 Nande
2790 3225 3185 3302 mamert-aneu
3204 3224 3289 3277 -V
3447 3224 3485 3277 a

1017 3366 1198 3435 prima
1225 3366 1237 3434 Ι
1259 3363 1599 3451 intll'gibilia
1648 3382 1781 3435 pma
1828 3371 1853 3419 t
1883 3372 1975 3420 ala
2019 3365 2069 3419 V
2117 3364 2297 3435 prima
2340 3364 2399 3420 in
2433 3363 2627 3420 anima
2662 3362 2723 3419 N
2893 3364 2963 3419 10
2994 3363 3459 3434 imaginandum!

1018 3490 1332 3545 ymaginan
1317 3474 1392 3530 Ιῐι
1408 3472 1469 3529 Ν
1476 3474 1527 3527 i
1587 3472 1853 3591 spoliatae
1880 3473 1891 3541 Ι
1920 3472 2328 3591 expoliateNV
2407 3474 2463 3528 11
2502 3472 2629 3541 hyle
2656 3471 2667 3540 1
2695 3472 2785 3557 yle
2814 3471 2945 3543 hylo
2964 3467 3027 3527 N
3089 3472 3269 3544 15qui
3298 3473 3311 3542 Ι
3338 3464 3490 3543 quod

1027 3632 1084 3685 N
1151 3632 1218 3686 16
1233 3630 1493 3689 scientias
1519 3631 1531 3699 Ι
1557 3630 1655 3687 scl’
1657 3648 1722 3685 as
1739 3632 1866 3699 trun·
1880 3604 2044 3697 scias)
2064 3630 2122 3685 N
2196 3629 2261 3685 17
2288 3628 2481 3685 mundi
2501 3629 2785 3703 caelorum
2815 3628 2840 3697 Ι
2854 3629 3187 3736 circulorum
3218 3630 3273 3682 Γ
3248 3584 3493 3687 'cauom

1018 3723 1280 3791 (utilior)
1315 3724 1378 3779 N
1495 3722 1566 3777 m
1597 3720 1708 3793 [ad]
1735 3722 1746 3787 Ι
1771 3721 1908 3790 fehlt
1954 3722 2005 3773 V
2128 3720 2201 3775 22
2226 3721 2239 3788 Ι
2264 3721 2389 3775 roth
2424 3720 2489 3821 N
