3867 5384
117 1884 128 1976 -0-0
119 1825 127 1846 -.
117 1763 126 1806 ‹—

54 2535 57 2548 -
54 2455 66 2462 ι
54 2323 57 2328 ·
59 2257 68 2264 .
59 2181 66 2188 .

131 2493 137 2498 .
127 2318 136 2468 ffl-no
123 2175 134 2294 ιι--σ-ῡ-

53 3089 78 3114 Ἰ
51 2797 62 3032 —=·-·-·vvvv-—
52 2763 55 2784 '-
52 2715 60 2746 -=-
52 2603 74 2690 «ἡ-

123 3060 140 3179 ηιοἾΙΙ·
123 2972 140 3046 ³⁸*
125 2801 140 2961 '’uto-0-
129 2649 140 2790 -ae—-u

211 2763 218 2767 .

871 549 935 604 16
1594 549 1606 560 “
1754 563 1820 605 =.'
1861 561 1911 586 ‘·
1982 547 2239 610 Aminei
2330 613 2337 622 ,
2382 576 2421 590 ··

868 690 1046 756 tibus
1110 691 1376 761 animae
1439 671 1684 760 scilicet
1713 701 1719 708 ’
1746 694 1814 760 in
1867 694 2155 762 cerebro.
2190 705 2195 710 ’
2245 694 2373 761 hoc
2418 693 2591 762 enim
2638 692 3005 760 membrum
3051 691 3337 777 positum

869 808 968 870 est
1013 805 1324 871 omnibus
1369 805 1508 872 istis
1554 806 1906 876 uirtutibus
1950 809 2377 875 naturalibus.
2467 807 2684 874 sensui
2730 811 2952 873 autem
2982 803 3335 893 [similiter]

871 921 1028 982 sunt
1092 918 1311 1001 posita
1375 919 1810 989 instrumenta
1873 923 2163 989 secunda
2184 972 2201 1001 ‚
2267 922 2435 988 sicut
2494 920 2661 988 oculi
2710 918 2807 1008 [et
2851 916 3225 1006 cerebrum]
3272 923 3340 988 et

873 1050 1072 1098 aures
1134 1037 1204 1098 et
1265 1034 1664 1102 carunculae
1725 1035 1981 1102 narium
2049 1040 2115 1103 et
2178 1055 2379 1102 nasus
2446 1039 2512 1102 et
2554 1033 2773 1115 lingua
2818 1037 2885 1100 et
2930 1033 3223 1116 palatum
3272 1036 3339 1100 et

813 1164 842 1203 τι
871 1144 1115 1212 uuulae
1161 1149 1228 1211 et
1273 1165 1506 1214 omnes
1551 1149 1735 1214 nerui
1771 1153 2008 1216 tactuS.
2098 1169 2255 1215 nam
2284 1147 2449 1216 sicut
2478 1167 2627 1214 cum
2660 1146 2929 1214 cerebro
2956 1145 3340 1230 superuenit

870 1260 1208 1342 corruptio
1273 1259 1708 1329 instrumento
1771 1262 2086 1330 uirtutum
2151 1262 2530 1328 animalium
2592 1259 3191 1327 administraturum
3248 1259 3336 1326 illi

871 1373 1175 1438 membro
1237 1393 1282 1438 a
1339 1375 1610 1440 cerebro
1631 1423 1648 1451 ‚
1713 1375 2008 1442 similiter
2068 1377 2303 1442 accidit
2350 1375 2420 1442 id
2464 1367 2681 1441 sensui
2704 1422 2723 1450 ‚
2786 1376 2853 1440 et
2874 1423 2893 1453 ‚
2956 1376 3227 1457 propter
3270 1371 3337 1438 id

873 1485 1058 1568 quod
1115 1485 1354 1552 accidit
1416 1507 1496 1553 ex
1562 1487 1703 1553 istis
1747 1487 2192 1555 instrumentis
2236 1487 2536 1554 secundis
2582 1488 2647 1553 in
2692 1486 3071 1552 fortitudine
3114 1487 3181 1552 et
3223 1485 3340 1552 de-

873 1597 1129 1665 bilitate
1179 1619 1304 1664 sua
1324 1647 1342 1678 ‚
1409 1603 1510 1665 est
1552 1602 2051 1684 comprehensio
2096 1601 2237 1668 eius
2282 1599 2553 1666 debilior
2596 1619 2797 1684 quam
2842 1597 3339 1684 comprehensio

813 1735 844 1766 ⁰
870 1711 1061 1789 illius,
1107 1711 1210 1778 cui
1255 1732 1392 1778 non
1437 1714 1592 1778 sunt
1637 1713 2089 1780 instrumenta.
2182 1713 2543 1780 accidentia
2587 1711 2757 1779 enim
2803 1713 3111 1779 accidunt
3151 1713 3213 1780 ei
3258 1732 3338 1778 ex

869 1824 1132 1890 duabus
1177 1825 1476 1909 partibus
1521 1825 1894 1908 plurimum,
1942 1827 2185 1894 scilicet
2222 1826 2655 1892 instrumento
2692 1826 2905 1909 primo
2933 1830 3000 1891 et
3026 1825 3337 1892 secundo.

869 1942 938 2002 et
1002 1937 1306 2005 saluatur
1365 1939 1719 2022 plurimum
1765 1940 1934 2007 illius
1980 1941 2045 2006 in
2090 1941 2303 2026 primo
2324 1989 2341 2019 ‚
2406 1944 2475 2008 et
2516 1938 2822 2006 accidunt
2870 1940 2931 2005 ei
2976 1938 3340 2006 accidentia

873 2051 940 2116 in
1004 2051 1318 2118 secundo.
1427 2053 1639 2119 uirtus
1701 2055 1876 2120 enim
1939 2055 2289 2122 formatiua
2324 2054 2647 2120 saluatur
2700 2051 3081 2119 multotiens
3126 2052 3191 2118 in
3238 2053 3339 2119 in-

873 2166 1243 2230 strumento
1289 2165 1503 2248 primo
1523 2216 1542 2244 ‚
1605 2167 1775 2232 sicut
1818 2167 2159 2235 saluantur
2200 2169 2373 2236 aliae
2416 2173 2482 2234 et
2524 2167 2872 2251 priuantur
2915 2168 2983 2232 in
3027 2166 3337 2234 secundo.

818 2295 846 2331 .-.
871 2295 1083 2359 quare
1127 2297 1262 2344 non
1308 2279 1549 2344 accidit
1595 2279 1654 2346 ei
1701 2301 1780 2347 ex
1825 2287 2015 2364 parte
2060 2283 2199 2349 eius
2243 2282 2563 2349 accidens.
2657 2302 2861 2367 quare
2906 2285 3061 2347 sunt
3102 2299 3339 2362 opera-

873 2389 1088 2454 tiones
1113 2390 1256 2456 eius
1283 2410 1544 2475 semper
1569 2399 1637 2460 et
1665 2393 1868 2478 ipsius
1899 2395 2310 2462 inuentioncs
2340 2395 2556 2463 nudae
2586 2401 2653 2463 et
2671 2399 3078 2463 manifestae.
3120 2391 3341 2460 sensui

875 2521 1036 2568 uero
1078 2504 1145 2569 in
1174 2505 1482 2570 omnibus
1513 2508 2003 2590 operationibus
2030 2509 2265 2576 accidit
2295 2509 2639 2576 diuersitas
2675 2499 2946 2594 propter
2970 2507 3343 2593 dispositio-

873 2635 1027 2682 nem
1073 2617 1478 2684 diuersitatis
1522 2620 1758 2686 horum
1791 2621 2368 2690 instrumentorum
2415 2621 2873 2702 secundorum,
2920 2622 3164 2688 scilicet
3192 2639 3342 2704 per·

875 2729 1127 2810 mixtio,
1175 2751 1458 2816 semper.
1549 2739 1953 2818 quapropter
1997 2736 2069 2802 iit
2112 2735 2292 2820 quod
2329 2735 2535 2802 uirtus
2561 2735 2913 2802 formatiua
2940 2734 3192 2802 inuenit
3217 2753 3339 2798 sua

802 2853 860 2894 ευ
889 2843 1182 2922 inuenta,
1227 2863 1403 2928 quae
1449 2845 1700 2912 inuenit
1740 2867 1973 2914 sensus
2015 2868 2163 2915 cum
2200 2849 2495 2928 materia,
2538 2847 2789 2914 firmius
2818 2852 2884 2914 et
2913 2846 3339 2916 manifestius.

1091 2957 1173 3021 Et
1218 2957 1456 3024 iterum
1501 2957 1711 3026 forma
1733 3008 1752 3041 ‚
1797 2981 1972 3044 quae
2014 2967 2116 3028 est
2161 2963 2227 3028 in
2273 2962 2547 3028 materia
2569 3010 2586 3038 ‚
2630 2961 2927 3045 sequitur
2970 2959 3337 3027 materiam.

875 3087 1010 3134 non
1077 3070 1254 3136 enim
1319 3073 1534 3138 onmis
1595 3074 1873 3142 materia
1937 3081 2038 3142 est
2091 3075 2521 3160 susceptibilis
2564 3075 2777 3140 omnis
2821 3074 3091 3139 formae.
3180 3090 3339 3137 nam

874 3181 928 3246 si
993 3183 1204 3264 sigillo
1267 3203 1402 3251 uno
1463 3186 1965 3268 sigillauerimus
2026 3209 2245 3257 ceram
2306 3193 2373 3256 et
2432 3188 2643 3255 lutum
2706 3187 2953 3254 clarum
3018 3189 3085 3250 et
3129 3185 3339 3249 lutum

875 3293 1212 3360 turbidum
1257 3301 1327 3362 et
1371 3297 1582 3366 lutum
1626 3319 1965 3384 gypseum,
2013 3301 2380 3384 egredietur
2424 3301 2760 3385 impressio
2808 3299 2875 3365 in
2921 3299 3015 3365 eis
3057 3297 3341 3374 diuersa,

794 3424 852 3466 ετ»
877 3408 1242 3474 secundum
1305 3411 1746 3494 quantitatem
1801 3415 1939 3482 luti.
2033 3416 2211 3499 quod
2257 3414 2343 3483 de
2386 3435 2465 3480 co
2512 3415 2683 3482 enim
2729 3411 3099 3479 subtiliores
3143 3408 3346 3476 habet

1085 3623 1106 3672 ι
1149 3585 1360 3692 scilieet
1387 3623 1400 3684 ι
1427 3627 1559 3680 sunt
1591 3623 1656 3678 Ν
1805 3625 1860 3679 in
1928 3626 2063 3693 teme
2098 3626 2186 3681 u·
2320 3627 2354 3682 2
2386 3631 2469 3681 est
2494 3627 2507 3691 ι
2534 3629 2618 3680 αι
2652 3624 2711 3680 in
2752 3623 2847 3678 ,ν’
2924 3669 2929 3674 .
2980 3620 3275 3690 [similitu-l
3298 3621 3321 3688 1-

863 3693 1014 3762 selde
1051 3694 1195 3748 Mt*
1369 3696 1405 3750 3
1437 3697 1580 3754 oculi
1611 3709 1622 3756 1
1649 3699 1824 3754 occuli
1862 3703 1908 3753 S
1936 3702 2129 3756 oculus
2166 3701 2311 3756 Nu·
2480 3699 2557 3770 [et
2586 3699 2893 3764 cerebrum}
2922 3701 2935 3766 Ι
2960 3703 3016 3754 et
3050 3697 3337 3754 cerebrum

881 3767 1016 3822 sm
1057 3768 1115 3822 in
1151 3771 1438 3827 cerebrum
1476 3771 1537 3825 N
1713 3774 1747 3828 4
1780 3791 1945 3829 aures
1972 3777 1984 3842 Ι
2011 3775 2163 3831 auris
2198 3774 2287 3830 u·
2360 3771 2363 3774 ’
2438 3774 2769 3831 carunculae
2794 3773 2808 3842 Ι
2834 3773 3150 3830 camuelem
3204 3774 3266 3845 (l)
3301 3773 3347 3826 S

877 3849 938 3898 et
983 3843 1179 3911 lingua
1205 3847 1217 3910 Ι
1243 3851 1302 3900 et
1365 3845 1542 3915 posita
1595 3847 1961 3905 instrumenta
2016 3851 2061 3902 S
2127 3851 2318 3921 lingua
2384 3851 2478 3906 Μ’
2672 3850 2919 3922 pdatum
2946 3854 2959 3906 Ι
2987 3848 3204 3918 palatus
3255 3849 3347 3904 Μ·

875 3917 914 3972 5
949 3917 1156 3973 uuulae
1185 3920 1198 3984 Ι
1227 3919 1471 3976 uucellee
1507 3922 1553 3972 S
1701 3928 1881 3979 tactus
1910 3925 1920 3992 Ι
1950 3929 2159 3998 tractu·
2198 3927 2257 3998 Χ
2388 3927 2425 3982 6
2454 3924 2731 3995 corruptio
2760 3933 2771 3987 Ι
2798 3925 2883 3979 u·
2918 3924 3008 3978 Μ·
3141 3923 3353 3992 lustru·-

881 3992 1108 4063 mento!
1139 3994 1394 4050 inuentio
1429 3995 1569 4049 Sw
1702 3997 2212 4057 administram-um
2240 4004 2253 4063 Ι
2280 3999 2785 4057 administrantium
2821 4000 2867 4054 S
3011 3999 3091 4055 illi
3120 4001 3132 4068 Ι
3160 3999 3255 4056 ille
3288 3999 3345 4059 Ν

879 4068 913 4125 7
962 4071 1028 4134 ‚id
1057 4071 1068 4139 Ι
1097 4069 1236 4127 illud
1291 4070 1350 4124 A·
1485 4077 1540 4127 et
1568 4073 1580 4139 Ι
1608 4073 1745 4142 quia
1785 4073 1846 4127 N
1978 4075 2031 4131 id
2060 4078 2073 4142 Ι
2104 4075 2237 4132 illud
2274 4076 2335 4130 N
2458 4075 2495 4130 8
2520 4092 2586 4131 ex
2626 4075 2745 4132 istiu
2774 4105 2780 4110 ·
2810 4091 2877 4130 ex
2913 4074 3023 4131 min
3058 4075 3119 4130 N
3144 4073 3267 4130 istis
3302 4075 3349 4127 S

877 4146 914 4196 9
945 4145 1374 4216 comprehensio
1400 4150 1414 4207 Ι
1441 4147 1834 4217 comprehento
1869 4151 1915 4201 S
1944 4152 2345 4221 comprehensa
2377 4149 2437 4206 N
2564 4151 2687 4206 eins
2711 4153 2725 4218 Ι
2752 4150 2911 4207 cuiun
2946 4151 2993 4203 S
3127 4151 3188 4206 11
3224 4165 3344 4222 ραι·-

880 4219 1034 4276 tibus
1091 4220 1392 4292 plurimum
1423 4227 1436 4279 1
1465 4222 1789 4292 plerumque
1831 4214 1878 4276 S
1924 4225 2175 4294 partibus
2218 4227 2541 4297 plerumque
2578 4227 2642 4281 ,11
2652 4226 2677 4261 ¹
2846 4225 3217 4282 instrumento
3244 4225 3257 4284 Ι
3286 4223 3343 4281 in

881 4293 1252 4351 instrumento
1305 4295 1432 4350 Nu
1443 4295 1466 4329 ¹
1610 4297 1676 4351 12
1705 4303 1762 4354 et
1790 4300 1802 4360 Ι
1829 4297 1964 4368 quia
2000 4299 2059 4353 N
2192 4299 2256 4354 18
2290 4301 2443 4356 enim
2470 4302 2483 4368 Ι
2511 4304 2697 4356 auten
2732 4299 2872 4354 SM·
3006 4301 3066 4358 in
3092 4301 3105 4368 Ι
3130 4301 3270 4370 fem
3304 4299 3351 4354 S

881 4369 948 4425 14
982 4370 1278 4441 priuantur
1303 4371 1316 4430 Ι
1345 4369 1598 4440 priuatur
1633 4373 1728 4426 w
1829 4371 1973 4430 aliae
2002 4375 2014 4434 1
2040 4373 2186 4431 aliae
2219 4391 2309 4430 res
2343 4373 2405 4430 Ν
2502 4375 2561 4432 ia
2588 4382 2601 4440 Ι
2624 4375 2761 4446 fehlt
2792 4375 2839 4430 S
2982 4369 3211 4432 lli-unt
3236 4397 3249 4443 l
3276 4376 3346 4431 ui·

879 4449 974 4501 cut
1147 4446 1213 4501 16
1271 4444 1452 4501 nudae
1502 4450 1561 4502 et
1586 4445 1777 4514 [unde
1810 4447 1963 4502 Nn*
2129 4451 2186 4504 17
2228 4449 2645 4522 operationibus
2673 4452 2686 4519 Ι
2710 4451 3171 4523 dispoeitlonihus
3206 4449 3348 4504 81¹

883 4521 948 4574 l‘a'
979 4519 1352 4577 secundorum
1385 4526 1396 4576 Ι
1420 4521 1557 4588 fehlt
1591 4521 1679 4577 Μ*
1823 4523 1896 4576 19·
1917 4523 2132 4580 inuenit
2159 4531 2170 4586 Ι
2201 4523 2403 4581 minuit
2433 4525 2493 4582 N
2610 4525 2681 4581 20
2708 4531 2765 4582 et
2798 4525 3147 4583 manifestius
3173 4527 3187 4583 l
3210 4525 3349 4596 fehlt

883 4593 930 4646 S
1091 4595 1158 4650 21
1198 4593 1267 4650 Et
1293 4599 1305 4662 Ι
1333 4593 1468 4665 quit
1504 4593 1567 4650 N
1727 4597 2013 4654 materiam
2042 4597 2057 4668 Ι
2084 4599 2141 4655 in
2180 4599 2283 4654 hoe
2319 4598 2376 4654 N
2502 4601 2574 4656 28
2604 4601 2887 4668 enitent
2922 4601 2968 4654 S
3094 4599 3321 4668 omnic!

880 4684 1080 4725 omnes
1114 4669 1161 4722 S
1319 4669 1388 4726 2⁴
1422 4670 1600 4726 lutum
1639 4687 1898 4743 gypseum
1929 4673 2185 4746 {glspum
2220 4674 2283 4740 el>
2322 4673 2369 4746 ‚S
2396 4673 2574 4732 lutum
2607 4675 2857 4746 ‘ip-eum
2896 4675 2957 4730 N
2986 4674 3203 4746 gipsum
3244 4673 3352 4730 u·

881 4743 1194 4812 egredietur
1219 4746 1234 4812 Ι
1261 4743 1538 4812 οςῐοιίἰὶιιι·
1579 4746 1673 4801 Μ’
1723 4805 1729 4810 ,
1841 4747 1898 4804 in
1933 4747 2016 4804 eiu
2042 4747 2056 4816 Ι
2080 4749 2217 4818 sene
2252 4749 2299 4801 S
2359 4812 2370 4823 .
2456 4749 2525 4804 m
2566 4765 2636 4806 eo
2664 4752 2677 4818 Ι
2702 4767 2771 4806 ea
2816 4751 2865 4803 S
3020 4749 3173 4806 enim
3202 4749 3216 4816 Ι
3243 4767 3371 4805 un·-

881 4815 1011 4872 Νη·
1043 4817 1107 4873 le
1232 4817 1552 4876 subtiliores
1583 4819 1754 4878 habet
1819 4821 1993 4880 habet
2023 4821 2341 4880 subtilioru-
2372 4821 2430 4880 Ν
