3867 5384
685 1394 942 1485 Liber
993 1394 1653 1523 introductorius
1707 1396 1798 1483 in
1849 1404 2123 1483 artem
2176 1396 2509 1505 logicae
2564 1396 2896 1485 demon·

762 1526 1230 1631 strationis,
1285 1526 1692 1615 collectus
1745 1552 1800 1613 a
1849 1524 2339 1615 Mahometh
2393 1527 2809 1635 discipulo

1309 1656 1712 1763 Alqnindi
1764 1657 2293 1766 philosophi..

761 2034 834 2099 ln
879 2032 1148 2098 nomine
1191 2029 1465 2115 piissimi
1511 2033 1578 2095 et
1621 2028 2203 2096 misericordissimi
2250 2030 2391 2099 Dei.
3072 2052 3105 2093 s

763 2145 1122 2230 Postquam
1187 2144 1322 2210 ium
1385 2142 1586 2209 locuti
1647 2162 1876 2209 sumus
1938 2141 2023 2209 de
2084 2142 2633 2226 praedicabilibus
2678 2150 2844 2229 quot
2888 2144 3019 2211 sint

541 2260 794 2345 species
857 2278 1086 2327 eorum
1149 2261 1217 2325 et
1279 2256 1566 2341 qualiter
1616 2255 2096 2339 coniungantur
2138 2255 2265 2321 sibi
2308 2256 2397 2323 ad
2442 2256 2812 2323 faciendum
2858 2276 3019 2324 con·

541 2374 887 2452 clusiones,
949 2371 1260 2438 uolumus
1321 2388 1498 2436 nunc
1558 2366 1904 2435 ostendere
1966 2387 2140 2452 quae
2200 2368 2291 2435 sit
2348 2369 2838 2451 argumentatio
2898 2370 3016 2436 de·

543 2486 982 2555 monstrntiua
1047 2489 1113 2551 et
1175 2486 1342 2569 quot
1403 2482 1654 2567 species
1715 2482 1858 2549 eius
1916 2486 1987 2549 et
2048 2480 2331 2566 qualiter
2390 2484 2477 2549 sit
2535 2482 2908 2551 oudinimdn
2950 2488 3021 2551 et

542 2599 880 2686 quomodo
923 2598 1011 2665 sit
1055 2594 1378 2663 utendum
1423 2618 1506 2663 eu
1549 2595 1640 2662 nd
1685 2593 2072 2663 eliciendum
2116 2596 2592 2665 conclusiones.
2672 2598 2791 2665 secl
2835 2598 3021 2683 prius
3048 2617 3105 2659 ιο

543 2717 807 2798 oportet
851 2710 1198 2779 ostendere
1243 2728 1418 2795 quae
1463 2710 1548 2775 sit
1593 2708 1868 2775 intentio
1909 2708 2459 2793 philosophorum
2506 2710 2569 2777 in
2617 2711 2867 2780 utendo
2910 2726 3058 2779 nr··

541 2826 1038 2910 gumentatione
1080 2820 1626 2890 demoustmtiua.
2156 2883 2169 2893 ,
2333 2843 2341 2849 ·

757 2936 942 3005 Scias
1005 2956 1162 3019 ergo
1225 2934 1406 3019 quod
1469 2934 1778 3019 quamuis
1841 2936 1991 3003 uine
2035 2917 2455 3002 scientiarum
2502 2940 2570 3003 et
2612 2938 3022 3019 cognitiones

544 3055 613 3118 et
657 3050 1110 3135 perceptiones
1155 3051 1224 3115 et
1269 3046 1732 3116 sensibilitates
1773 3052 1930 3115 sunt
1972 3048 2223 3116 multae
2270 3086 2355 3097 --
2402 3049 2572 3118 sicut
2614 3051 2747 3117 iam
2793 3056 3013 3118 osten·

543 3164 764 3231 dimus
825 3164 911 3231 de
971 3160 1372 3248 quibusdam
1437 3181 1664 3227 eui-mn
1721 3160 1786 3227 in
1831 3160 2109 3245 epistola
2152 3163 2239 3229 de
2283 3183 2483 3229 sensu
2526 3169 2594 3231 et
2636 3168 2905 3231 sensato
2948 3168 3017 3231 et
3045 3182 3103 3225 ιε

544 3278 630 3345 de
676 3276 1072 3362 quibusdam
1121 3295 1350 3343 earum
1396 3275 1466 3340 in
1512 3273 1788 3358 epistola
1831 3272 1914 3341 de
1958 3274 2291 3341 intellectu
2334 3281 2402 3341 et
2448 3276 2775 3345 intellecto
2818 3282 2891 3345 et
2932 3277 3021 3345 de

543 3391 942 3477 quibusdam
989 3410 1222 3458 earum
1268 3390 1337 3454 in
1383 3386 1662 3472 epistole
1706 3387 1788 3453 de
1832 3387 2179 3469 generibus
2224 3388 2641 3455 scientiarum
2674 3426 2763 3437 -
2790 3393 3016 3456 tamen

542 3506 695 3574 uiae
757 3525 878 3590 per
937 3524 1107 3590 quas
1169 3500 1684 3569 ambulnuerunt
1742 3498 2113 3584 philosophi
2176 3501 2245 3567 in
2306 3499 2428 3567 illis
2488 3502 2847 3586 disciplinis
2866 3552 2887 3583 ‚
2954 3504 3019 3570 in

545 3620 787 3705 quibus
833 3637 952 3685 sua
999 3614 1335 3701 inquisitio
1381 3614 1503 3679 suit
1547 3612 1630 3679 de
1675 3612 2043 3695 cognitione
2085 3611 2491 3681 certitudinis
2534 3633 2779 3695 rerum.
2836 3636 3019 3684 com·

541 3732 1038 3818 prehenduntur
1102 3728 1166 3792 in
1233 3729 1522 3809 quatuor
1573 3725 1934 3809 speciebus,
1999 3724 2243 3793 scilicet
2285 3726 2611 3797 diuisione
2654 3732 2723 3797 et
2764 3730 3016 3798 resolu-
3038 3746 3100 3790 so

542 3846 744 3924 tione,
790 3841 1168 3910 definitione
1213 3842 1282 3905 et
1325 3836 1903 3905 demonstratione.
2284 3820 2293 3829 ’

759 3956 942 4039 Opus
1004 3958 1106 4019 est
1169 3954 1396 4018 autem
1461 3954 1536 4017 ut
1595 3950 1945 4047 loquemur
2004 3951 2089 4019 de
2154 3934 2557 4040 unoquoque
2616 3956 2895 4025 istorum
2947 3962 3016 4026 et

541 4058 971 4136 ostendamus
1031 4061 1318 4148 qualiter
1379 4068 1480 4129 est
1543 4064 1650 4129 uis
1715 4064 1780 4129 in
1845 4064 1969 4131 illis
2014 4070 2081 4133 et
2134 4066 2315 4151 quod
2360 4088 2443 4135 en
2486 4087 2661 4154 quae
2704 4070 3019 4153 sciuntur,

753 4284 889 4343 1-8
921 4290 1014 4339 rot
1046 4282 1107 4337 N
1261 4282 1296 4335 2
1331 4278 1648 4337 Hshometh
1677 4282 1690 4349 Ι
1719 4282 2036 4339 machomet
2069 4282 2131 4339 N
2257 4284 2294 4340 8
2325 4285 2593 4357 Alquindi
2620 4289 2635 4358 Ι
2662 4288 2934 4361 ιΙίςιίοάί
2979 4288 3030 4343 V

549 4374 871 4453 philosophi
897 4375 912 4442 Ι
939 4372 1199 4445 pbilosotl
1241 4370 1300 4426 N
1453 4376 1490 4426 8
1513 4400 1536 4411 -
1555 4372 1590 4424 2³
1621 4371 2061 4431 clementinum
2091 4388 2103 4439 ς
2128 4374 2530 4434 demonstratio
2566 4378 2609 4465 (l
2649 4379 3021 4443 demostrscfil

548 4488 613 4546 ,Ν
785 4482 850 4539 10
881 4482 1150 4539 utendum
1177 4480 1190 4547 Ι
1219 4483 1283 4534 ut
1318 4484 1392 4534 uo
1423 4479 1500 4535 du
1563 4482 1664 4535 alm
1701 4480 1926 4549 Ranae,
1983 4498 2087 4537 ron
2117 4488 2371 4553 spatam
2403 4484 2603 4544 Handz
2660 4488 2931 4545 utendum
2968 4487 3030 4545 N

551 4628 612 4686 ιι
650 4628 870 4697 oportet
897 4620 1068 4692 {sem
1104 4621 1165 4676 Ν
1335 4600 1402 4675 ¹5
1433 4635 1602 4676 oen-u
1627 4624 1640 4684 ι
1669 4636 1894 4679 nen-m
1929 4610 2107 4693 ‹si-o)
2154 4623 2205 4675 ν
2356 4624 2428 4683 so
2458 4590 2875 4701 quatum-1111!
2920 4628 3030 4685 tw

550 4719 668 4774 ueta
700 4732 763 4773 so
800 4717 992 4771 imm
1159 4714 1226 4767 21
1265 4708 1590 4768 delinitione
1615 4710 1991 4795 [diffinitione
2024 4714 2147 4771 NV
2176 4716 2294 4771 aad
2322 4732 2386 4774 so
2420 4720 2619 4775 im
2782 4720 2856 4777 23
2886 4722 3001 4799 a]

547 4809 645 4867 llll
677 4806 746 4866 *V
1751 4820 1756 4825 '
2414 4818 2419 4823 ’
