3867 5384
191 4684 198 4694 ι
191 4645 196 4655 -
187 4591 198 4619 μ

209 5119 234 5201 ’,θο-
211 4974 228 5100 “m-⁶*
201 4811 240 4951 ψΛ·’;“
199 4757 240 4792 ἰ’
197 4713 204 4722 ’

951 399 1016 459 14
2046 404 2303 467 λ1-Κίικὶ1

947 559 1119 624 quae
1184 539 1337 607 facit
1381 559 1506 608 nos
1552 539 1842 636 inuenire
1886 544 2133 611 formas
2176 565 2393 612 rerum
2441 543 2875 615 indiuiduales
2920 544 3061 615 sine
3104 546 3405 629 materia,

947 653 1189 721 scilicet
1249 674 1398 721 cum
1463 657 1760 726 absentia
1823 678 2093 724 suorum
2156 659 2596 726 subiectorum
2660 682 2703 728 a
2774 662 3075 729 sensibus
3140 664 3401 730 nostris

946 771 1013 833 et
1086 769 1188 834 est
1265 767 1374 834 illa
1445 789 1648 854 quam
1719 771 2225 838 nominauerunt
2294 773 2545 858 antiqui
2591 775 2967 858 sapientum
3012 795 3400 860 graecorum

946 879 1386 964 phantasiam.
2178 967 2188 978 ·

892 1018 922 1059 s
1161 994 1538 1062 Differentia
1583 1016 1868 1081 namque
1913 997 2081 1062 inter
2124 1018 2389 1064 sensum
2436 1002 2503 1066 et
2546 1000 2719 1067 hanc
2764 1002 3075 1068 uirtutem
3111 1001 3403 1067 formati-

947 1127 1104 1174 uam
1168 1113 1306 1188 est,
1370 1110 1552 1194 quod
1596 1131 1824 1176 sensus
1868 1110 2021 1177 facit
2064 1131 2189 1177 nos
2233 1111 2527 1180 inuenire
2571 1114 2818 1181 formas
2861 1134 3130 1181 suorum
3177 1135 3402 1182 sensa-

948 1225 1166 1287 torum
1234 1222 1487 1290 delatas
1549 1225 1614 1288 in
1659 1223 1933 1291 materia
1976 1245 2099 1291 sua
2118 1274 2135 1304 ,
2208 1225 2373 1292 haec
2418 1230 2639 1294 autem
2686 1226 2897 1294 uirtus
2940 1229 3093 1296 facit
3136 1249 3261 1295 nos
3305 1227 3403 1294 in·

949 1335 1176 1403 uenire
1219 1335 1462 1402 formas
1507 1336 1937 1404 indiuiduaIes
1982 1339 2377 1422 exspoliatas
2396 1389 2415 1419 ‚
2468 1339 2610 1407 sine
2653 1341 2961 1408 subiectis
3006 1363 3155 1409 cum
3202 1342 3404 1410 linea·

951 1447 1128 1516 tione
1189 1469 1310 1516 sua
1373 1454 1440 1514 et
1501 1449 1803 1516 omnibus
1845 1451 1983 1517 suis
2026 1451 2469 1536 qualitatibus·
2562 1457 2629 1520 et
2672 1452 2839 1520 haec
2882 1454 3149 1539 quidem
3195 1455 3405 1521 uirtus
3518 1458 3524 1464 '

871 1587 923 1627 w
947 1563 1197 1647 perficit
1242 1582 1397 1630 suas
1440 1564 1852 1647 operationes
1895 1567 1963 1631 in
2008 1565 2434 1649 dispositione
2460 1569 2673 1634 somni
2706 1572 2772 1634 et
2800 1569 3076 1652 uigiliae.
3144 1589 3405 1636 uerum-

950 1680 1172 1742 tamen
1215 1676 1284 1744 in
1327 1677 1574 1742 somnis
1619 1681 1718 1744 est
1760 1679 1969 1759 magis
2013 1679 2391 1763 apparentis
2436 1681 2839 1765 operationis
2883 1686 2948 1748 et
2978 1681 3405 1760 formationis,

948 1809 1150 1874 quam
1198 1789 1264 1855 in
1308 1790 1550 1872 uigilia.
2980 1783 2983 1786 ’

1162 1903 1538 1971 Inuenimus
1599 1905 1770 1970 enim
1834 1905 2234 1990 quandoque
2279 1907 2658 1988 uigilantem
2680 1955 2699 1987 ,
2764 1907 2951 1974 cuius
2994 1907 3218 1974 anima
3261 1909 3407 1992 qui·

949 2018 1230 2085 busdam
1273 2017 1409 2084 suis
1453 2018 1656 2084 utitur
1699 2019 2015 2098 sensibus,
2062 2020 2408 2101 imaginari
2456 2020 2733 2087 formam
2780 2041 3001 2088 rerum
3034 2021 3408 2088 indiuidua·

874 2153 924 2194 ιτ,
951 2131 1078 2196 lem
1100 2180 1119 2211 ‚
1183 2131 1250 2196 in
1307 2151 1440 2216 qua
1504 2132 1763 2214 cogitat.
1854 2138 1920 2199 et
1984 2132 2348 2200 secundum
2405 2135 2841 2218 quantitatem
2885 2134 3409 2220 profundationis

950 2243 1356 2325 cogitationis
1401 2245 1468 2312 in
1511 2265 1592 2312 eo
1639 2249 1703 2312 et
1752 2245 2145 2312 dimissionis
2188 2265 2347 2312 usus
2391 2267 2701 2314 sensuum
2725 2298 2743 2328 ‚
2808 2253 2908 2315 est
2952 2248 3061 2316 illa
3105 2249 3410 2316 formatio

949 2358 1160 2440 magis
1223 2378 1550 2443 apparens
1595 2358 1692 2438 ei,
1755 2359 1846 2426 ita
1889 2363 1965 2425 ut
2009 2359 2197 2442 quasi
2246 2360 2627 2428 testificetur
2670 2381 2821 2427 eam
2866 2381 2988 2428 suo
3033 2381 3250 2428 sensu.
3342 2365 3411 2428 et

952 2470 1109 2537 illud
1173 2475 1274 2562 est
1335 2473 1646 2556 quoniam
1669 2521 1686 2552 ‚
1749 2473 2015 2556 quando
2078 2472 2348 2540 aduenit
2410 2472 2470 2540 ei
2516 2475 2861 2558 occupatio
2908 2475 2975 2541 in
3018 2475 3413 2558 cogitatione

953 2604 1104 2665 sua,
1151 2603 1284 2668 qua
1347 2589 1540 2652 uacet
1582 2606 1624 2650 a
1668 2585 1964 2651 sensibus
1983 2635 2000 2663 ‚
2063 2585 2365 2669 priuatur
2406 2605 2531 2652 usu
2577 2587 2759 2652 uisus
2805 2591 2873 2654 et
2914 2587 3199 2655 auditus.
3290 2608 3412 2655 nos

868 2719 926 2762 eo
951 2698 1127 2765 enim
1173 2697 1550 2765 multotiens
1596 2698 1961 2764 inuenimus
2006 2699 2400 2780 cogitantem
2447 2698 2831 2782 interrogari
2876 2703 2943 2767 et
2972 2721 3107 2767 non
3136 2721 3411 2786 respon·

950 2811 1084 2892 det,
1149 2817 1236 2892 ct,
1301 2831 1374 2878 re
1418 2812 1732 2879 existente
1775 2832 1997 2879 coram
2044 2811 2189 2878 uisu
2236 2813 2457 2895 ipsius,
2504 2833 2654 2879 cum
2699 2813 3031 2894 egreditur
3072 2835 3117 2880 a
3161 2815 3408 2896 cogita·

953 2925 1129 2992 tione
1147 2975 1166 3006 ‚
1231 2926 1288 2992 si
1349 2926 1786 3007 interrogatur
1828 2946 1914 2992 an
1960 2925 2198 2992 uiderit
2241 2945 2390 2992 eam
2434 2945 2521 2992 an
2568 2945 2701 2991 non
2727 2975 2744 3005 ‚
2811 2927 3111 2994 enuntiat
3154 2948 3227 2994 se
3270 2947 3406 2994 non

1151 3113 1186 3166 2
1219 3111 1476 3168 sensibus
1507 3111 1710 3168 nostris
1735 3113 1748 3180 Ι
1777 3110 1978 3166 nostris
2010 3110 2267 3166 sensibus
2296 3111 2431 3166 Su·
2541 3110 2577 3166 3
2610 3126 2779 3188 quam
2810 3112 2823 3175 Ι
2850 3127 2949 3180 per
2980 3127 3152 3181 quam
3171 3110 3231 3164 N
3244 3127 3412 3182 quem

953 3196 1000 3250 S
1129 3195 1346 3266 antiqui
1375 3203 1388 3261 j
1415 3195 1660 3266 antiquis
1692 3195 1740 3251 S
1859 3194 2174 3264 sapientum
2201 3195 2213 3262 Ι
2238 3194 2518 3264 sapienter
2550 3193 2599 3249 S
2626 3193 2965 3264 sapientium
3002 3194 3065 3247 N
3191 3209 3411 3262 graeco·

959 3295 1082 3334 rum
1112 3287 1124 3343 Ι
1149 3278 1576 3350 gramatieorum
1646 3277 1706 3334 N
1885 3279 1918 3333 4
1969 3277 2323 3347 phantasiam
2352 3277 2367 3346 Ι
2393 3277 2687 3333 fantasiam
2726 3275 2881 3331 ΛΡΝ
2910 3275 3237 3333 frantasiam
3271 3275 3333 3346 (1)
3367 3277 3417 3334 S

957 3363 1098 3418 5-6
1153 3378 1378 3419 sensum
1426 3402 1440 3417 .
1477 3403 1491 3418 .
1526 3400 1540 3415 .
1591 3361 1945 3419 formatinam
1974 3363 1985 3429 Ι
2014 3361 2163 3416 bane
2228 3361 2493 3417 uirtutem
2544 3360 2904 3417 formatiuam
2956 3365 3013 3416 et
3072 3375 3299 3416 sensnm
3357 3360 3420 3414 N

956 3445 991 3500 6
1023 3461 1219 3501 sensus
1245 3451 1256 3510 1
1285 3446 1424 3502 haee
1459 3446 1654 3512 uirtus,
1687 3443 1893 3500 scilicet
1925 3459 2122 3499 sensus
2144 3443 2205 3497 N
2335 3461 2406 3497 :ea
2427 3442 2571 3498 3-s
2592 3443 2952 3512 nandulum:
2982 3443 3128 3499 Nota
3160 3442 3410 3500 differen-

954 3527 1089 3584 tiam
1127 3527 1272 3584 inter
1306 3529 1606 3584 fantasiam
1638 3531 1696 3584 et
1727 3543 1970 3583 sensnm.
2004 3527 2067 3580 N
2178 3526 2217 3582 8
2250 3527 2458 3582 forman
2492 3525 2861 3582 indiuidualea
2886 3525 2902 3596 1
2930 3527 3168 3583 tonnam
3204 3525 3408 3582 indiui-

953 3610 1172 3668 dualem
1185 3613 1334 3667 11⁸1&
1398 3611 1731 3684 exspoliatas
1755 3613 1767 3679 Ι
1793 3609 2155 3682 expoliatasS
2164 3610 2500 3682 expoliatam
2517 3610 2610 3665 H*
2627 3609 2964 3681 exspoeitam
2981 3609 3042 3664 N
3100 3608 3412 3666 8-91inea·

3222 3703 3253 3736 Ι

952 3746 1105 3801 tione
1133 3745 1145 3811 Ι
1174 3745 1358 3800 Μῶα
1394 3744 1452 3799 Ν
1582 3745 1617 3798 9
1649 3749 1706 3799 et
1735 3744 1873 3800 haee
1899 3742 2121 3814 quidem
2142 3741 2321 3799 uirtus
2346 3746 2360 3809 1
2386 3749 2442 3799 et
2458 3745 2564 3800 boe
2586 3743 2812 3814 quidem
2836 3742 2883 3799 S
2896 3743 3032 3814 quia
3052 3743 3192 3800 baec
3224 3760 3263 3815 q
3296 3743 3408 3800 nir·

954 3836 1045 3885 tus
1079 3828 1140 3883 N
1219 3830 1285 3882 1⁰
1314 3827 1526 3898 perlicit
1559 3843 1689 3884 suas
1704 3827 2049 3897 operationes
2077 3827 2087 3896 Ι
2116 3843 2247 3882 suaa
2264 3827 2476 3897 perficit
2490 3825 2845 3898 operationes
2866 3825 3015 3881 Nu*
3100 3827 3297 3882 10—11
3320 3841 3437 3882 ue·-

953 3928 1076 3967 rum
1109 3916 1299 3966 tamen
1325 3910 1337 3978 Ι
1367 3914 1786 3980 uerumptamen
1821 3908 1882 3962 N
1975 3925 2047 3963 τοι
2084 3909 2287 3964 10-14
2321 3907 2676 3978 Bandobene.
2712 3907 2853 3965 Nota
2886 3907 3038 3980 quod
3070 3908 3311 3965 fantasia
3344 3907 3406 3965 tn

955 3994 1168 4051 somnia
1203 3999 1288 4050 eet
1320 3991 1498 4064 magia
1533 3992 1849 4064 apparentia
1881 3991 2221 4062 operationi·
2254 3992 2316 4046 N
2430 3992 2491 4047 11
2528 3991 2745 4048 somnia
2769 3994 2783 4060 Ι
2810 4007 2991 4048 anno
3024 3991 3117 4048 1*
3214 3992 3414 4066 tormaf

953 4077 1122 4134 tionis
1149 4079 1161 4147 Ι
1189 4075 1431 4133 fortioris
1465 4074 1554 4130 u·
1686 4075 1750 4130 13
1783 4073 2107 4143 uigilantem
2134 4076 2147 4142 Ι
2176 4075 2429 4145 uigilanti
2466 4075 2530 4130 N
2528 4073 2625 4129 Μ’
2740 4075 2809 4130 14
2842 4073 3136 4144 imaginari
3164 4074 3179 4145 1
3206 4074 3413 4145 ymagi-

956 4161 1076 4217 nari
1112 4161 1220 4216 s‘N
1252 4161 1371 4213 aad
1399 4174 1464 4216 so
1495 4161 1738 4214 immori
1773 4157 2044 4228 maginari
2084 4157 2179 4212 u·
2286 4158 2522 4214 formam
2549 4160 2563 4226 1
2592 4157 2801 4213 ronnas
2834 4159 2883 4214 S
2980 4157 3182 4214 14-15
3214 4154 3415 4214 tudini·

955 4243 1175 4300 dualem
1205 4245 1217 4313 Ι
1247 4241 1615 4299 indiuidualee
1633 4243 1678 4295 s
1747 4241 1808 4296 1⁶
1820 4238 2165 4296 dimmioma
2191 4241 2205 4306 Ι
2232 4239 2590 4296 obmissionia
2608 4239 2667 4294 N
2676 4239 2975 4302 diuisionie
2995 4241 3042 4294 S
3107 4240 3307 4297 10-17
3328 4244 3413 4295 est

956 4327 1050 4383 iila
1085 4325 1344 4382 formatio
1369 4325 1547 4394 magia
1571 4324 1585 4393 Ι
1612 4323 1706 4382 itta
1727 4323 1985 4379 tornutio
2002 4323 2280 4393 magiaest
2297 4324 2346 4378 S
2444 4322 2507 4379 17
2540 4323 2703 4394 quasi
2730 4322 2745 4393 1
2771 4363 2787 4380 .
2806 4339 2843 4394 q
2862 4363 2879 4380 .
2918 4323 2973 4378 N
2996 4323 3114 4395 ipae
3136 4321 3299 4394 quani
3325 4322 3417 4377 Π·

962 4409 1026 4465 18
1057 4409 1192 4466 illud
1226 4414 1314 4465 eet
1347 4407 1618 4480 quoniam
1645 4409 1658 4477 Ι
1682 4407 1814 4472 rem
1849 4406 1906 4461 N
2078 4407 2141 4460 19
2174 4421 2278 4462 sua
2304 4411 2317 4472 Ι
2342 4406 2479 4469 reme
2512 4406 2575 4460 N
2701 4411 2863 4463 uacet
2888 4411 2901 4474 Ι
2928 4405 3074 4462 iacet
3104 4404 3155 4461 S
3184 4409 3417 4462 norunt

955 4495 1080 4562 (tar
1135 4496 1396 4558 ,vaeatar’
1412 4493 1464 4560 t’)
1524 4490 1589 4546 N
1746 4489 1997 4562 priuatur
2046 4505 2151 4545 usu
2178 4489 2191 4559 Ι
2218 4487 2471 4560 priuatur
2518 4505 2653 4544 usna
2706 4489 2765 4544 N
2818 4489 3004 4562 prinat
3054 4503 3186 4544 enm
3230 4501 3338 4543 naa
3372 4489 3419 4542 S

957 4574 1142 4646 priuat
1172 4590 1302 4631 enm
1338 4589 1474 4646 pesa
1508 4575 1574 4645 (1)
1606 4574 1696 4629 1⁸
1829 4572 1983 4628 uiant
2008 4574 2023 4641 Ι
2052 4571 2179 4629 uisa
2214 4572 2307 4627 N*
2423 4571 2494 4626 m
2526 4570 2848 4629 multotiens
2880 4569 3199 4628 inueniunt
3225 4571 3240 4638 Ι
3268 4568 3417 4626 uide·

956 4673 1083 4714 nias
1115 4657 1432 4714 multotiens
1465 4656 1610 4714 SM·
1733 4655 1799 4713 21
1831 4671 1961 4712 enm
1987 4656 2002 4724 Ι
2030 4669 2143 4712 aon
2180 4653 2277 4710 u·
2402 4654 2471 4747 112
2504 4653 2707 4710 uiderit
2732 4656 2749 4726 Ι
2776 4653 2971 4710 amant
3004 4653 3053 4711 S
3162 4651 3419 4709 enuntiat

955 4757 1016 4796 ae
1043 4744 1056 4806 Ι
1083 4739 1402 4796 enuntias-e
1435 4741 1484 4796 S
1508 4737 1808 4796 annuntiat
1839 4751 1900 4795 ae
1932 4737 1996 4794 Ν
