3867 5384
865 483 938 540 54
1972 478 2229 535 All-mn&

865 624 974 687 tae
991 667 1012 698 ‚
1092 636 1266 701 quae
1345 635 1480 684 non
1561 614 2139 699 apprehenduntur
2200 614 2499 681 sensibus
2562 632 2686 679 nec
2748 612 3045 677 sciuntur
3107 610 3336 694 primis
3426 701 3433 709 ·

865 730 1316 799 intellectibus.

1076 844 1272 924 Quod
1338 847 1564 911 autem
1620 842 1784 909 dixit
1834 860 1967 908 non
2014 845 2321 925 oportere
2364 840 2432 907 in
2476 830 3041 908 demonstratione
3086 836 3333 923 aliquid
3424 868 3431 875 ·

867 979 1010 1027 esse
1075 976 1348 1025 causam
1411 956 1536 1023 sibi
1598 956 1722 1041 ipsi
1741 1004 1760 1037 ‚
1823 955 1950 1021 hoc
1994 958 2095 1022 est
2136 954 2559 1022 manifestum
2603 952 2833 1039 primis
2879 950 3335 1029 intellectibus,

813 1096 843 1137 s
867 1072 1109 1139 scilicet
1161 1072 1320 1157 quia
1366 1070 1432 1137 id
1477 1070 1655 1155 quod
1703 1075 1804 1137 est
1845 1070 2191 1135 causatum
2236 1076 2375 1135 non'
2420 1072 2523 1135 est
2564 1088 2768 1134 causa
2810 1066 2931 1133 sibi
2981 1064 3127 1149 ipsi.
3218 1064 3338 1131 sed

866 1185 1088 1271 plures
1107 1234 1125 1265 ,
1179 1184 1296 1269 qui
1339 1187 1768 1269 praesumunt
1810 1183 1894 1250 de
1940 1181 2503 1250 demonstratione
2523 1231 2542 1262 ‚
2588 1182 2811 1264 aliquo
2856 1178 3059 1246 modo
3104 1195 3338 1247 causa·

870 1305 1017 1365 tum
1060 1302 1318 1382 ponunt
1361 1316 1630 1363 causam
1674 1294 1798 1361 sibi
1844 1295 1990 1379 ipsi,
2033 1314 2157 1362 nec
2198 1295 2569 1379 percipiunt
2612 1295 2739 1361 hoc
2783 1298 3055 1380 propter
3071 1293 3339 1378 prolixi-

843 1400 1075 1483 'tatem
1123 1410 1464 1477 sermonis.
1555 1408 1738 1475 uerbi
1781 1408 2015 1490 gratia,
2060 1408 2175 1493 qui
2218 1406 2582 1493 praesumit
2611 1407 2697 1475 de
2744 1408 3020 1475 scientia
3064 1410 3336 1475 natura·

872 1524 1052 1604 lium,
1097 1543 1249 1591 cum
1293 1524 1732 1605 interrogatur
1773 1540 1947 1606 quae
1990 1525 2092 1587 est
2123 1540 2328 1589 causa
2353 1520 2729 1606 pluuiarum
2758 1520 2825 1587 in
2871 1520 3095 1604 aliquo
3139 1526 3343 1600 anno‚‘

795 1661 848 1703 ιο
873 1638 1044 1705 dicet
1103 1636 1284 1721 quod
1349 1634 1696 1704 multitudo
1758 1634 2055 1701 nubium.
2158 1635 2217 1701 si
2278 1654 2439 1701 noro
2503 1636 2943 1718 interrogatur
3002 1654 3180 1719 quae
3240 1635 3340 1700 est

871 1772 1072 1819 causa
1118 1749 1552 1817 multitudinis
1593 1749 1885 1829 nubium,
1931 1748 2358 1832 respondebit
2384 1748 2563 1833 quod
2593 1747 2945 1814 multitudo
2990 1767 3339 1832 naporum,

871 1866 984 1948 qui
1029 1864 1372 1931 eleuantur
1415 1883 1499 1929 ex
1544 1862 1708 1929 mari
1751 1866 1821 1929 et
1861 1863 2111 1945 stagnis
2154 1862 2223 1929 in
2270 1870 2512 1930 aerem.
2590 1862 2647 1928 si
2692 1882 2855 1929 uero
2904 1861 3343 1943 interrogatur

869 1998 1044 2061 quae
1103 1981 1207 2044 est
1268 1996 1474 2045 causa
1535 1976 1918 2044 eleuationis
1982 1996 2309 2061 naporum
2330 2026 2348 2057 ,
2432 1976 2608 2043 dicet
2667 1976 2775 2043 uel
2839 1974 3099 2059 putabit
3160 1972 3341 2058 quod

871 2089 1220 2157 multitudo
1263 2088 1713 2158 accessionum
1757 2090 1959 2157 muris
2003 2095 2073 2157 et
2114 2078 2431 2157 decursus
2474 2108 2803 2175 aquarum
2846 2108 2931 2155 ex
2962 2087 3341 2153 fluminibus

797 2226 848 2267 ιε
873 2208 942 2273 et
1002 2202 1412 2271 currentibus
1473 2204 1562 2270 ad
1603 2202 1834 2273 maria.
1923 2204 1981 2270 si
2024 2209 2247 2271 autem
2294 2204 2736 2289 interrogatur
2778 2223 2953 2289 quae
2996 2204 3101 2269 est
3141 2220 3344 2269 causa

873 2318 1100 2399 huius,
1147 2316 1570 2402 respondebit
1612 2318 1789 2402 quod
1837 2317 2189 2384 multitudo
2232 2317 2632 2402 pluuiarum.
2724 2316 3087 2385 secundum
3171 2314 3345 2381 hanc

881 2430 1080 2513 igitur
1153 2429 1742 2498 considerationem
1805 2430 2135 2516 sequitur:
2202 2451 2407 2499 causa
2469 2430 2907 2498 multitudinis
2968 2428 3341 2513 pluuiarum

877 2547 980 2609 est
1024 2543 1374 2611 multitudo
1420 2542 1792 2628 pluuiarum
1807 2592 1826 2611 .

1091 2661 1159 2724 ct
1213 2656 1366 2725 ideo
1427 2676 1596 2741 opus
1652 2660 1752 2723 cst
1818 2657 2040 2724 doceri
2104 2662 2180 2724 ut
2224 2658 2403 2725 dicat
2446 2658 2627 2743 quod
2676 2678 2813 2727 una
2856 2679 2939 2726 ex
2982 2655 3202 2724 causis
3246 2660 3348 2723 est

797 2792 854 2834 su
879 2772 1028 2838 talis
1071 2769 1178 2837 uel
1229 2770 1402 2851 talis,
1447 2775 1515 2838 et
1559 2770 1852 2838 similiter
1893 2771 1979 2837 dc
2022 2772 2315 2839 secunda
2358 2776 2425 2839 et
2470 2773 2557 2839 de
2602 2771 2797 2839 tertia
2842 2776 2909 2856 et
2952 2770 3039 2839 de
3082 2772 3344 2854 quar-ta,

881 2887 950 2951 et
993 2884 1086 2951 sic
1127 2882 1409 2950 declinet
1453 2869 1930 2967 oppositionem
1952 2934 1971 2965 ‚
2034 2905 2115 2951 eo
2160 2886 2340 2970 quod
2384 2889 2608 2971 potest
2651 2907 2797 2953 csse
2839 2890 2916 2952 ut
2960 2885 3173 2951 nubes
3216 2884 3349 2951 sint

880 2997 1128 3063 multae
1179 3000 1248 3063 et
1288 2994 1558 3081 pluuiae
1598 3017 1870 3080 paucae.
1965 3017 2403 3083 unaquaeque
2448 3000 2626 3066 enim
2671 3019 2780 3066 res
2823 3002 3101 3091 causata
3146 2997 3349 3064 habet

878 3113 1163 3195 quatuor
1224 3128 1462 3177 causas
1481 3159 1500 3190 ,
1562 3110 1730 3177 sicut
1789 3110 1921 3177 iam
1984 3112 2391 3179 ostendimus
2452 3112 2522 3179 in
2566 3112 2847 3197 epistola
2888 3111 2977 3179 de
3020 3109 3237 3178 causis
3279 3113 3348 3177 et

883 3222 1192 3291 causatis.

799 3359 854 3403 ι’.
1091 3334 1172 3404 Et
1232 3336 1412 3420 quod
1470 3336 1632 3403 dixit
1685 3336 1864 3421 quod
1925 3342 2273 3405 causatum
2315 3358 2452 3406 non
2498 3342 2599 3407 est
2642 3340 2824 3423 prius
2867 3358 3071 3431 quam
3116 3357 3341 3420 causa,

879 3453 948 3516 et
989 3450 1115 3516 hoc
1159 3450 1580 3517 manifestum
1625 3455 1724 3517 est
1766 3450 1997 3535 primis
2040 3451 2494 3520 intellectibus,
2592 3456 2941 3521 causatum
2988 3452 3168 3519 enim
3212 3470 3349 3519 non

879 3565 1095 3647 potest
1164 3563 1348 3647 prius
1405 3584 1550 3631 esse
1611 3583 1814 3649 quam
1875 3584 2079 3631 causa
2122 3564 2213 3631 ob
2256 3563 2422 3633 hocz
2486 3565 2734 3634 scilicet
2752 3616 2771 3647 ‚
2838 3566 3018 3651 quod
3064 3569 3223 3633 sunt
3264 3564 3349 3631 de

877 3696 1114 3758 genere
1156 3675 1604 3743 relatiuomm.
1667 3696 1838 3761 quae
1881 3681 2107 3744 autem
2150 3681 2308 3744 sunt
2350 3679 2437 3747 de
2460 3700 2703 3763 genere
2736 3679 3187 3759 relatiuorum,
3216 3698 3349 3746 non

881 3794 1038 3856 sunt
1095 3790 1220 3857 nisi
1283 3790 1480 3857 simul
1537 3795 1858 3875 quantum
1919 3791 2009 3857 ad
2080 3811 2345 3859 sensum
2368 3840 2388 3873 ‚
2478 3793 2535 3859 si
2610 3791 2967 3860 habuerint
3036 3813 3183 3860 esse
3202 3842 3221 3873 ‚
3284 3797 3354 3860 ct

803 3928 858 3968 au
883 3903 1190 3988 quamuis
1232 3923 1438 3971 causa
1481 3902 1566 3969 sit
1606 3904 1786 3988 prior
1827 3909 2101 3973 causato
2144 3905 2506 3987 intellectu,
2551 3906 2725 3973 adeo
2770 3905 2950 3991 quod
2996 3906 3352 3992 aliquando

885 4015 1158 4083 dubium
1221 4017 1347 4084 erit
1407 4016 1688 4085 discerni
1749 4038 2017 4086 causam
2080 4040 2125 4087 a
2170 4023 2467 4087 causato.
2556 4018 2745 4088 uerbi
2788 4020 3003 4104 gratia
3020 4070 3041 4101 ‚
3105 4020 3160 4087 si
3206 4021 3355 4105 quis

1085 4350 1122 4405 6
1154 4350 1225 4405 de
1251 4350 1265 4419 Ι
1288 4350 1427 4418 telon
1461 4350 1525 4405 Ν
1547 4352 1920 4421 stupeat-holten
1968 4352 2021 4406 V
2173 4352 2211 4408 8
2240 4353 2586 4424 praesumit!
2612 4360 2979 4427 praesunt-unt
3012 4354 3076 4409 N
3214 4371 3287 4409 ευ
3318 4353 3355 4409 9

887 4458 981 4495 «ιιι
1017 4440 1236 4497 Raude:
1272 4456 1420 4511 quae
1451 4440 1529 4497 sit
1559 4458 1720 4499 causa
1757 4441 1983 4514 pluuias
2016 4442 2078 4497 N
2180 4442 2253 4498 m
2282 4448 2483 4516 quarta
2510 4445 2525 4510 1
2550 4444 2750 4518 quinta
2800 4446 2849 4503 V
2970 4446 3040 4503 2¹1
3070 4444 3221 4515 quod
3250 4448 3265 4515 Ι
3292 4449 3357 4501 ut

901 4530 962 4585 Ν
1083 4530 1155 4587 29
1183 4535 1244 4588 et
1267 4528 1446 4602 isene
1492 4530 1544 4587 Υ
2062 4548 2071 4557 ·
