3867 5384
29 2723 38 2733 ,
26 2690 31 2697 -
21 2091 44 2636 u‘*⁴-=··**-'-e*3-a·-*--—-0.-v
23 1975 29 2062 ---
23 1937 25 1946 -

75 2687 97 2782 '’fl'‘
73 1420 98 2668 ο*ο·κ·ααοο1οηοσ-”ΜΜηηρ-αηςσομ
73 1152 94 1403 “smero-50*-
73 1101 92 1129 σι,
73 1053 86 1085 0·
77 1013 90 1025 e
73 966 89 998 ,ς
77 849 94 863 ,

59 2830 96 3313 ιοΜΟογὟἺΜο.,

942 458 1015 516 3ο
1435 430 1448 441 ’
2064 453 2317 545 Αιῑκῑιιαί

949 598 1315 664 cubitorum
1337 647 1357 675 ,
1404 594 1639 663 deinde
1686 597 1759 663 m
1804 616 2048 663 nouem
2094 596 2462 661 cubitorum
2487 645 2503 674 ,
2580 593 2881 661 nominas
2926 582 3179 663 motum
3206 592 3407 662 'illum

946 711 1466 778 diminutionem.
1558 714 1622 777 et
1685 710 1741 775 si
1806 709 2052 777 uideris
2104 728 2343 792 corpus
2388 708 2545 775 illud
2592 708 2835 777 sactum
2880 709 3181 775 undecim
3227 710 3409 776 cubi·

947 828 1186 902 torum,
1231 824 1535 891 nominas
1579 827 1834 889 motum
1881 822 2061 888 illum
2108 826 2552 905 augmentum.
2625 822 2768 889 siue
2812 822 2985 888 enim
3016 822 3083 889 in
3110 842 3409 902 numero,

945 939 1087 1005 sine
1152 939 1218 1005 in
1283 942 1598 1022 tempore,
1659 938 1804 1003 siue
1867 936 1933 1001 iu
1997 935 2263 1018 reliquis
2326 935 2540 1013 rebus,
2610 955 2783 1020 quae
2827 935 3242 1003 continentur
3282 937 3409 1002 sub

891 1076 920 1115 a
948 1051 1338 1135 quantitate,
1405 1052 1516 1117 flat
1572 1055 1812 1128 motuS‚
1877 1049 1932 1116 si
1981 1049 2175 1116 fuerit
2216 1047 2451 1127 maius,
2513 1050 2883 1116 nominabis
2930 1052 3181 1116 motum
3228 1050 3407 1116 illum

947 1168 1396 1248 augmentum,
1443 1169 1508 1231 et
1552 1166 1604 1230 si
1653 1164 1890 1242 minuS,
1934 1162 2308 1229 nominabis
2362 1167 2615 1229 motum
2663 1163 2841 1229 illum
2888 1162 3409 1233 diminutionem.

947 1282 1018 1345 et
1043 1278 1202 1345 illud
1229 1279 1492 1363 quidem
1525 1297 1656 1343 uon
1689 1282 1789 1344 est
1817 1276 1942 1341 nisi
1970 1276 2326 1360 quantitaS,
2372 1295 2543 1359 quae
2579 1280 2679 1341 est
2708 1277 2773 1341 in
2801 1266 3192 1358 substantia,
3239 1296 3411 1361 quae

951 1392 1265 1459 minuitur
1290 1395 1356 1458 et
1381 1394 1863 1472 augmentatur.
1948 1389 2121 1456 duae
2148 1408 2435 1472 namque
2462 1393 2705 1473 partes»,
2731 1408 3011 1475 quarum
3044 1390 3238 1457 unius
3266 1390 3421 1456 lon·-
3487 1440 3497 1449 .

947 1504 1174 1588 gitudo
1237 1508 1336 1571 est
1381 1502 1572 1570 unius
1615 1502 1817 1569 cubiti
1864 1507 1932 1568 et
1978 1502 2247 1569 alterius
2291 1506 2576 1587 quatuor
2619 1502 3012 1581 cubitorum,
3077 1506 3233 1569 sunt
3276 1522 3409 1570 una
3478 1556 3481 1561 .

870 1640 923 1681 ιο
947 1616 1334 1685 substantia.
2114 1688 2119 1693 .

1161 1730 1460 1799 alteratio
1504 1734 1730 1797 autem
1775 1748 1910 1795 non
1958 1732 2060 1797 aet
2103 1728 2228 1795 nisi
2274 1728 2341 1793 in
2388 1730 2725 1813 qualitate,
2780 1750 2953 1815 quae
2998 1733 3098 1797 est
3144 1729 3211 1795 in
3254 1728 3413 1795 sub·

947 1846 1210 1911 stantia.
1301 1844 1468 1911 sicut
1529 1862 1634 1911 res
1695 1842 1848 1909 alba
1914 1845 2329 1927 permutatur
2374 1842 2441 1907 in
2486 1841 2737 1924 nigram
2786 1848 2855 1910 et
2897 1844 3061 1909 sicut
3109 1841 3410 1925 frigidum

947 1958 1428 2041 permutatione
1487 1958 1562 2023 nt
1623 1956 1908 2023 calidum
1964 1960 2032 2022 et
2076 1956 2245 2023 sicut
2288 1955 2478 2022 dulce
2522 1958 2933 2040 permutatur
2976 1956 3041 2022 in
3088 1976 3410 2024 ainarum.

1161 2074 1380 2137 motus
1443 2090 1604 2137 uero
1667 2069 2172 2155 permutationis
2230 2068 2543 2148 diuiditur
2606 2068 2673 2135 in
2735 2069 2903 2136 duas
2962 2074 3205 2153 parteS.
3296 2075 3413 2135 aut

872 2206 922 2247 ιε
949 2184 1124 2251 enim
1170 2186 1272 2251 est
1311 2182 1687 2250 reuolubilis
1732 2186 1853 2249 aut
1895 2184 2135 2249 rectuS.
2226 2185 2293 2247 et
2338 2181 2713 2249 reuolubilis
2757 2182 2958 2249 etiam
3003 2181 3317 2249 diuiditur
3345 2183 3411 2249 in

947 2299 1117 2364 duas
1179 2301 1422 2380 partes,
1511 2302 1628 2364 aut
1671 2296 1852 2363 enim
1897 2316 2032 2362 non
2079 2298 2409 2379 permutat
2454 2294 2672 2361 locum
2718 2296 2818 2361 sui
2863 2296 3048 2375 situs,
3110 2294 3227 2361 sed
3274 2296 3415 2361 eius

949 2413 1172 2495 partes
1232 2414 1608 2495 permutant
1663 2410 1882 2475 locum
1928 2408 2018 2476 ad
2063 2408 2344 2474 inuicem
2388 2412 2457 2473 et
2500 2410 2654 2473 sunt
2698 2410 2919 2473 motae
2964 2428 3163 2493 supra
3208 2428 3412 2493 punc-

953 2529 1093 2590 tum
1145 2525 1451 2605 medium,
1518 2522 1696 2608 quod
1742 2524 1846 2589 est
1890 2527 2211 2602 centrum,
2276 2540 2408 2588 non
2454 2520 2765 2587 recedens
2808 2542 2869 2587 a·
2897 2520 3041 2589 loco
3085 2522 3183 2588 sui
3230 2523 3413 2604 situs,

951 2638 1120 2703 sicut
1183 2642 1401 2704 motus
1463 2637 1642 2703 orbis
1705 2636 1772 2703 in
1837 2636 2245 2702 naturalibus
2306 2638 2370 2701 et
2437 2633 2603 2701 sicut
2666 2640 2885 2702 motus
2947 2636 3303 2703 molendini
3346 2643 3415 2704 et

872 2773 928 2815 ω
955 2751 1067 2835 qui
1115 2731 1473 2817 reuoluitur
1519 2750 1582 2816 in
1624 2748 2161 2828 accidentalibus,
2209 2752 2283 2814 ut
2328 2748 2714 2816 iaculatores
2756 2746 2825 2815 'et
2869 2748 3147 2817 scientes
3192 2750 3257 2816 in
3306 2770 3415 2818 ar·

953 2864 1148 2944 tibus,
1195 2870 1312 2931 aut
1355 2867 1684 2947 permutat
1729 2862 1948 2929 locum
1994 2846 2095 2927 sui
2141 2861 2327 2941 situS,
2374 2862 2539 2929 sicut
2582 2866 2801 2927 motus
2844 2862 3139 2946 plaustri.
3212 2862 3415 2931 ethic

950 2977 1218 3062 quidem
1271 2982 1374 3043 est
1418 2972 1820 3061 compositus
1865 2995 1947 3042 ex
1992 2979 2174 3041 recto
2218 2978 2287 3041 et
2330 2972 2692 3042 reuolubili.
2784 2979 2999 3041 rectus
3044 2976 3199 3043 item
3246 2977 3413 3043 diui·

1155 3206 1180 3260 1
1220 3204 1316 3269 fit!
1345 3204 1480 3271 fehlt
1517 3206 1563 3259 A
1731 3218 1937 3259 nouem
1964 3204 1977 3271 Ι
2004 3203 2042 3259 8
2088 3203 2165 3256 V·
2201 3202 2273 3259 vl
2310 3205 2357 3259 A
2506 3202 2766 3259 nominas
2792 3204 2805 3271 Ι
2834 3218 3003 3258 uoces
3050 3203 3133 3259 V·
3266 3204 3303 3259 2
3332 3204 3413 3261 ui·

951 3294 1098 3351 deri·
1125 3296 1140 3365 Ι
1167 3296 1320 3351 uiden
1360 3297 1455 3352 ΟΛ
1593 3310 1794 3367 σοι-ραι
1822 3296 1834 3361 Ι
1859 3294 2001 3364 fehlt
2046 3295 2122 3351 V·
2259 3294 2461 3351 factum
2490 3294 2665 3363 item
2702 3294 2749 3345 0
2878 3292 3131 3351 undecim
3160 3296 3173 3363 Ι
3208 3298 3287 3377 iq.
3338 3296 3412 3354 V·

949 3392 1039 3461 (=
1078 3393 1166 3465 14)
1201 3394 1280 3451 xl
1317 3394 1510 3451 Aer·
1656 3396 1694 3451 3
1729 3394 2029 3461 nominee!
2086 3397 2261 3449 nocie
2308 3394 2381 3446 ΙΝ
2532 3398 2745 3451 motum
2780 3391 2935 3450 illum
2962 3394 2977 3463 Ι
3006 3394 3159 3451 illum
3198 3402 3409 3454 motum

959 3488 1008 3539 A
1147 3486 1294 3543 enim
1325 3486 1336 3554 Ι
1365 3487 1498 3546 raon
1535 3488 1580 3541 0
1737 3489 1770 3543 ⁴
1805 3486 1975 3543 rebus
2002 3486 2175 3557 lsehlt
2222 3485 2299 3542 V·
2332 3485 2655 3555 substantii·
2705 3484 2785 3537 V·
2937 3486 3057 3545 eiue
3090 3486 3149 3545 iu
3185 3488 3416 3561 reliquie

953 3576 1136 3641 rebus,
1168 3594 1315 3648 quae
1347 3578 1704 3635 continentur
1729 3576 1743 3649 Ι
1766 3579 1904 3647 rehu
1946 3578 1993 3631 Ο
2153 3576 2292 3632 4-5
2323 3594 2466 3648 quae
2498 3576 2856 3635 eontinentur
2887 3578 2993 3635 eub
3031 3580 3384 3651 quantitate!

950 3669 1086 3738 fehlt
1135 3668 1210 3721 V·
1249 3722 1264 3739 ,
1373 3669 1410 3724 5
1443 3670 1761 3727 nominabis
1787 3671 1800 3739 Ι
1831 3669 2062 3726 uocabit
2108 3668 2190 3721 V·
2370 3670 2407 3725 6
2438 3674 2497 3725 et
2528 3668 2576 3725 ei
2612 3668 2802 3726 minue
2826 3670 2839 3739 Ι
2864 3676 2923 3727 et
2952 3670 3209 3729 similiter
3253 3675 3329 3728 V·
3364 3674 3411 3731 ei

955 3758 1142 3815 minue
1179 3762 1224 3813 0
1255 3766 1312 3817 et
1343 3762 1392 3817 ei
1425 3761 1592 3819 ruerit
1623 3762 1812 3818 minue
1863 3762 1912 3818 V
1917 3761 1945 3795 ⁸
2044 3760 2396 3818 nominabis.
2417 3801 2465 3819 ..
2486 3760 2915 3818 diminutionem
2942 3763 2957 3833 Ι
2982 3764 3411 3824 diminutionem

953 3850 1136 3922 ipsum
1163 3852 1447 3909 uocabetis
1495 3854 1572 3906 γ’
1603 3852 2037 3910 diminutionem
2074 3855 2123 3907 0
2220 3855 2254 3908 7
2290 3852 2552 3925 quidem!
2580 3854 2727 3925 quod
2793 3855 2871 3908 V·
3022 3856 3131 3913 nini
3158 3855 3172 3928 Ι
3198 3858 3307 3916 nini
3342 3859 3413 3917 ei·

951 3949 1049 4000 eut
1100 3946 1205 3998 Ao
1339 3944 1444 4001 niei
1482 3946 1618 4001 nael·
1671 3946 1977 4027 quantita·
2023 3945 2102 3999 V·
2233 3945 2271 4001 8
2304 3960 2541 4015 namque
2570 3948 2583 4015 Ι
2609 3946 2837 4016 quidem
2876 3948 2923 4001 Ο
3072 3950 3415 4021 pertenire·

967 4034 1187 4089 V¹0V⁸
1358 4036 1394 4089 9
1445 4040 1687 4107 quatuor
1713 4038 1728 4106 1
1752 4043 1807 4115 ᾳ
1857 4037 1906 4092 A
1943 4036 2031 4107 (=
2068 4036 2127 4105 4)
2298 4038 2359 4093 n
2410 4042 2597 4110 autem
2630 4054 2741 4094 non
2776 4044 2861 4095 eu
2886 4038 3061 4109 isam
3092 4044 3147 4097 A
3182 4058 3296 4101 non
3328 4048 3417 4101 eut

965 4132 1043 4187 1²·
1080 4134 1229 4191 euim
1265 4152 1380 4193 non
1411 4142 1498 4194 eet
1534 4138 1581 4191 0
1751 4138 1818 4195 12
1849 4155 1939 4195 ree
1966 4139 2141 4210 lsem
2188 4138 2267 4191 Υ·
2432 4143 2776 4209 permutatur
2804 4138 2815 4207 Ι
2843 4146 3091 4199 mutatur
3126 4145 3176 4198 A
3348 4145 3416 4201 1³

953 4226 1360 4297 permutatione
1393 4228 1456 4286 nt
1481 4244 1494 4296 ι
1519 4246 1620 4302 per
1653 4230 2026 4287 mutationem
2060 4230 2123 4287 m
2156 4233 2211 4286 A
2260 4235 2607 4303 permutatur
2638 4230 2699 4289 in
2746 4232 2829 4289 1⁹⁸
2998 4220 3065 4291 1⁴
3116 4252 3253 4294 uero
3278 4248 3293 4309 Ι
3318 4254 3415 4295 au·

954 4322 1064 4374 tem
1123 4318 1260 4389 ΟΨ
1427 4322 1494 4376 15
1543 4321 1900 4391 enimlt'elelt
1966 4323 2043 4376 V·
2210 4322 2377 4381 etiam
2408 4323 2581 4394 lseblt
2629 4325 2677 4378 V
2688 4324 2713 4359 ⁸
2904 4328 2967 4384 16
2997 4330 3287 4405 duum-⁸,
3339 4330 3418 4388 1⁹·

956 4408 1159 4465 16-17
1193 4410 1280 4467 sui
1313 4412 1454 4468 sitne
1489 4454 1503 4469 .
1534 4451 1551 4468 .
1585 4456 1598 4471 .
1634 4414 1878 4471 inuicem
1905 4416 1918 4483 Ι
1943 4416 2081 4485 telae
2127 4416 2206 4471 Υ·
2376 4415 2436 4473 1⁶1
2474 4424 2657 4489 pene·
2684 4418 2697 4487 Ι
2721 4420 2857 4489 tem
2894 4422 2945 4476 A
3096 4426 3415 4493 permutant

955 4536 972 4555 .
1005 4536 1022 4555 .
1053 4537 1068 4556 .
1103 4499 1342 4557 inuicem
1367 4504 1382 4573 Ι
1409 4504 1478 4560 ed
1531 4504 1772 4563 inuicem
1805 4512 2029 4565 uiuunt
2060 4506 2245 4565 heum
2280 4508 2354 4564 V·
2408 4514 2727 4580 permutant
2758 4510 2829 4567 ad
2866 4510 3103 4569 inuicem
3134 4512 3319 4570 locum
3358 4516 3405 4569 A

959 4638 1026 4693 ιε
1056 4638 1144 4695 ωε
1178 4639 1320 4697 sam
1345 4642 1358 4711 Ι
1385 4642 1611 4703 uni-tm
1659 4646 1736 4701 ν·
1927 4646 2000 4703 m
2030 4645 2361 4705 nennium
2388 4648 2401 4719 ι
2428 4650 2635 4705 «mar
2665 4652 2727 4705 sa·
2791 4652 2992 4708 «ωηο
3046 4614 3171 4711 ileu
3210 4654 3417 4712 iatum
3478 4680 3488 4689 ·

969 4728 1048 4781 V·
1133 4730 1140 4737 '
1210 4730 1446 4789 neiente·
1479 4733 1742 4807 inntens
1778 4737 1980 4793 Aot'·
2108 4738 2180 4795 22
2212 4738 2343 4795 item
2368 4740 2383 4809 Ι
2410 4745 2595 4798 eutem
2642 4740 2773 4797 ¹²⁸⁰
